3992 6042
121 251 173 308 ibi
499 245 765 305 utsttncttonus
784 246 975 306 utcttortuu
995 247 1122 307 tubos.
1139 278 1175 290 -
1193 247 1343 305 att-stit
1692 252 1746 310 088

155 363 249 421 ditare
261 362 363 420 dicitur
374 372 458 428 terra,
472 362 545 420 ande
561 362 590 419 in
604 363 672 420 Gen.
691 362 807 420 :ditare
825 364 946 435 {arie-A
964 363 1070 421 Dicitur
1083 365 1219 436 asperitas
1236 378 1336 435 pcenae,
1360 362 1435 420 unde
1451 361 1479 421 in
1493 360 1546 421 iob
1559 379 1567 419 t
1582 363 1747 431 containin-

120 451 155 507 tit
169 452 235 506 milri
244 450 278 506 dc
293 463 375 506 terra.
393 450 500 507 Dicitur
513 452 590 509 tides.
605 450 682 509 Sicut
703 453 732 508 in
747 452 839 510 Veteri
853 452 907 510 ‘ie-
959 456 1007 509 inr
1018 470 1077 509 cam
1088 453 1267 509 amaritudine
1278 455 1375 509 animae
1387 469 1463 510 mea.
1476 452 1582 511 Dicitur
1596 470 1679 527 plana
1698 471 1747 530 ge-

120 550 256 599 stamento
273 540 527 598 tractassemus
548 545 705 602 materiales
724 544 838 612 vituios,
860 546 903 602 sic
958 545 1095 613 bennalis,
1108 543 1181 601 unde
1193 543 1246 601 iob
1259 561 1266 598 ε
1279 543 1381 602 Scribis
1397 547 1468 604 enim
1479 555 1573 603 contra
1590 565 1632 603 me
1646 549 1747 605 amari·

120 645 172 686 nos
185 629 327 686 oderimus
338 630 439 687 vitulos
455 632 610 688 animorum
631 645 808 701 nostrorum,
823 633 907 692 idest
958 637 1078 691 tudiner.
1092 635 1197 692 Dicitur
1211 637 1346 707 asperitas
1365 637 1525 703 locutionis,
1543 637 1617 695 unde
1627 638 1656 694 ln
1668 638 1746 696 Psei-

118 717 390 791 honascogitatinnes
400 721 507 790 cordis;
520 730 548 778 et
556 724 627 780 sieut
637 725 754 780 inaltari
769 724 905 781 materiali
958 739 1004 779 mc
1020 725 1053 780 de
1067 724 1238 781 Antichristo
1251 723 1353 781 dicitnr
1374 741 1383 782 z
1405 723 1489 797 Cujus
1509 741 1539 781 oc
1561 726 1748 784 maledictione

119 807 271 864 oderantur
293 808 423 876 victima,
449 811 487 866 ita
511 812 539 866 in
562 812 642 868 nitnri
659 813 724 869 lidci
749 813 905 869 offeruntur
958 817 1174 872 amaritudine
1191 816 1360 888 plennmert.

117 897 191 954 bona
217 913 311 969 opera,
332 900 404 956 unde
425 902 454 957 ln
481 900 652 974 Evangelio:
670 903 701 960 Si
716 904 797 973 offers
810 920 906 961 munna
994 907 1122 974 Ambitio,
1136 908 1261 980 proprie,
1275 907 1376 964 dicitnr
1387 916 1547 979 apparatus,
1559 909 1634 966 unde
1647 907 1747 980 legitur

120 996 195 1043 tuum
210 990 245 1042 ad
260 988 356 1056 altare,
370 990 398 1046 id
412 999 454 1047 est
468 1006 538 1063 opus
564 1001 642 1050 tunm
664 995 766 1050 bonum
783 995 809 1050 in
825 994 907 1053 altari
957 998 992 1054 de
1006 996 1201 1054 nuorchiicis
1214 999 1242 1053 in
1255 999 1372 1055 Actibus
1386 999 1574 1068 apostolorum
1586 1000 1661 1072 quod
1673 1000 1749 1058 venit

118 1077 192 1134 idei.
208 1079 313 1137 Dicitur
326 1081 464 1148 Christus,
479 1084 552 1141 ande
577 1085 605 1140 in
619 1085 704 1157 Apoc.
720 1104 728 1143 ε
745 1084 799 1142 Sui
821 1085 908 1142 altare
958 1105 1019 1143 enm
1032 1088 1118 1144 muita
1131 1088 1286 1156 ambitione,
1297 1088 1372 1146 idest
1380 1105 1443 1145 cum
1452 1090 1540 1147 multo
1550 1099 1695 1162 apparata,
1703 1090 1748 1146 vei

120 1169 170 1227 Dei
182 1174 273 1229 audini
287 1189 359 1229 roceo
373 1174 533 1232 nerinorum.
551 1176 659 1232 Dicitur
670 1193 771 1248 corpus
788 1179 905 1248 Christi,
959 1195 1019 1234 cum
1032 1179 1117 1234 malta
1125 1180 1280 1246 ambitione,
1295 1179 1374 1237 idest
1380 1196 1444 1236 cum
1452 1180 1747 1238 muitisambientihus.

119 1263 193 1321 uude
203 1264 230 1320 in
244 1261 376 1320 Psalmo:
395 1263 482 1336 Uagae
494 1267 529 1321 ad
543 1283 626 1322 cornu
637 1267 745 1333 altaria,
758 1268 786 1324 id
799 1260 842 1325 est
861 1284 909 1325 us·
995 1271 1129 1337 Ambitur,
1143 1271 1265 1343 proprie.
1284 1266 1313 1327 lr't
1328 1270 1438 1340 Esther,
1453 1289 1512 1344 aare
1523 1274 1583 1329 aceli
1594 1274 1708 1339 ambita,
1720 1270 1750 1331 id

117 1369 174 1427 gne
184 1355 219 1410 ad
238 1356 417 1412 eminentiam
428 1357 568 1414 sacriticii.
580 1358 688 1415 Dicitur
698 1359 771 1416 Deus
782 1360 810 1415 in
827 1358 909 1415 Psat·
958 1370 1001 1418 est
1014 1362 1271 1430 circumvolutione,
1285 1362 1468 1430 continentur,·
1479 1363 1581 1421 dicitur
1597 1366 1679 1421 etiam
1699 1378 1751 1420 cu·

118 1461 166 1502 mo
180 1464 187 1501 :
207 1444 327 1501 iatraiio
341 1447 376 1501 ad
391 1447 478 1503 altare
490 1447 549 1515 Dei,
564 1448 639 1519 quod
661 1449 821 1520 exponenda
839 1450 907 1507 suh·
959 1451 1061 1523 piditas
1072 1448 1188 1508 honoris
1201 1452 1353 1508 secundum
1365 1455 1440 1523 qnod
1453 1453 1589 1525 cupiditas
1602 1455 1672 1511 solet
1681 1450 1751 1511 divit

118 1535 180 1593 dit:
194 1536 237 1593 rid
253 1536 336 1591 Deam
350 1538 395 1607 qai
408 1537 710 1606 latificatjunerrtutem.
726 1539 833 1595 Dicitur
849 1539 906 1596 rita
957 1542 987 1600 di
1005 1542 1033 1599 in
1050 1542 1191 1598 avadtiam
1200 1551 1227 1598 et
1239 1542 1383 1607 ambitum,
1396 1542 1422 1597 id
1434 1552 1478 1600 est
1488 1543 1677 1602 ambitionem.

116 1634 230 1691 veterana,
241 1627 313 1681 unde
325 1625 353 1681 in
368 1623 499 1683 Psalmo:
517 1626 591 1682 Tune
605 1628 739 1698 imponent
750 1645 830 1699 super
840 1629 910 1683 alta·
995 1632 1141 1690 Aminiam
1151 1635 1261 1705 proprie
1270 1642 1347 1689 notat
1357 1631 1509 1704 proiectum
1520 1634 1666 1703 virtutum,
1676 1633 1751 1690 unda

117 1733 148 1772 re
159 1726 235 1772 tuam
244 1716 352 1773 citerior.
368 1718 475 1773 Dicitur
488 1715 623 1787 Ecclesia,
636 1720 709 1777 unde
720 1720 773 1776 ista
787 1720 909 1777 auctori·
923 1711 945 1767 Β
959 1725 987 1780 in
1001 1722 1111 1781 Psalmo
1129 1744 1137 1781 ι
1158 1723 1334 1779 ambulabam
1347 1724 1375 1779 in
1389 1725 1476 1781 media
1490 1726 1577 1781 cardia
1589 1727 1651 1781 mei.
1666 1724 1754 1782 Notat

117 1820 162 1865 tas
176 1808 216 1864 sic
228 1816 319 1878 potest
339 1807 440 1879 exponi
458 1824 466 1859 r
481 1807 556 1863 Tunc
566 1810 712 1880 imponent,
727 1811 754 1867 id
767 1821 810 1868 est
821 1810 908 1881 majo-
957 1813 1113 1886 proiectum
1137 1814 1274 1871 bonorum
1307 1829 1434 1887 operum,
1467 1816 1541 1872 unde
1566 1817 1594 1872 in
1613 1814 1749 1873 Psalmo:

115 1913 163 1956 res
187 1898 303 1969 praelati,
324 1898 434 1965 situlos,
457 1897 546 1954 idest
573 1900 707 1967 minores,
722 1916 802 1970 cuper
821 1901 907 1957 altare
957 1903 1037 1959 Beati
1047 1903 1215 1958 immaculati
1225 1903 1369 1975 incia,qui
1377 1904 1514 1960 amiciam
1523 1905 1552 1960 in
1565 1904 1621 1978 lege
1630 1905 1749 1962 Domini.

116 1998 204 2053 tunm,
215 1990 244 2045 id
256 1999 300 2045 est
310 1989 473 2057 Ecclesiam,
485 1991 512 2047 id
525 1999 568 2048 est
578 1991 700 2048 minores
712 1992 907 2062 eradicatione
956 1993 1041 2052 Notat
1055 2004 1158 2062 actum,
1169 1993 1243 2050 unde
1260 1994 1394 2051 Dominus
1406 1993 1488 2051 Petro
1501 1997 1529 2051 in
1540 1994 1647 2054 iomvne
1659 2012 1667 2052 t
1681 1998 1765 2055 Cum.

114 2081 291 2154 mmamrum
304 2082 431 2137 erantde
450 2080 585 2146 Ecclesia,
608 2089 663 2138 etc.
679 2079 787 2138 Dicitur
808 2094 906 2149 mens,
956 2100 1027 2140 emer
1043 2083 1148 2154 junior,
1164 2082 1287 2155 cinpeiar
1302 2092 1338 2149 te,
1356 2093 1382 2139 et
1401 2085 1559 2140 ambulabas
1573 2087 1620 2141 nii
1633 2086 1750 2157 rabian,

112 2173 191 2230 unde
202 2174 229 2228 in
240 2171 349 2229 Psalmo
366 2171 566 2229 :circumdato
576 2172 663 2229 altare
679 2182 765 2240 tuam,
781 2172 905 2241 Domine,
956 2174 1095 2247 quidquid
1106 2173 1217 2230 uolebas
1233 2172 1367 2231 iaciebas.
1784 2172 1786 2176 '

112 2263 145 2322 ld
168 2272 211 2322 εει
232 2270 353 2320 mentem
373 2278 486 2333 meum,
510 2264 538 2320 in
552 2280 609 2336 quo
628 2265 672 2320 vei
693 2264 722 2320 in
743 2279 800 2336 quc
821 2264 907 2321 aliero
993 2266 1751 2339 Amendiciturabo,rpuodestrine,etmenedeiectut,

112 2355 166 2413 tibi
183 2356 349 2413 sacritlciam
365 2357 466 2426 landis,
486 2358 594 2414 ornabo
605 2356 775 2426 virtutibas;
791 2366 821 2413 et
833 2357 907 2413 sicut
957 2357 1031 2414 unde
1042 2375 1050 2413 t
1062 2355 1126 2412 iam
1141 2358 1194 2411 cito
1206 2357 1296 2423 nenia,
1309 2358 1403 2422 Amen,
1418 2356 1504 2413 idest
1517 2356 1707 2426 sincdeiectu,
1721 2357 1750 2414 id

111 2450 201 2507 altare
214 2448 316 2506 dicitur
327 2449 386 2505 atta
403 2466 464 2514 ara,
482 2450 564 2507 sicet
576 2464 656 2507 mens
668 2451 805 2507 estaltius
825 2450 907 2522 quid·
955 2457 998 2507 εει
1013 2464 1069 2506 non
1081 2463 1160 2505 cesso
1170 2448 1265 2504 venire
1276 2447 1311 2503 ad
1328 2448 1441 2516 tideies;
1457 2447 1626 2520 atracioque
1637 2459 1681 2505 est
1697 2463 1761 2504 no-.

111 2544 178 2601 dam
190 2551 218 2598 ει
228 2542 340 2613 dignius
353 2541 381 2597 in
393 2542 516 2610 homine,
524 2543 604 2614 iuxta
616 2544 691 2615 quod
704 2552 796 2615 potest
805 2545 906 2619 erponi
956 2554 1020 2596 men
1032 2538 1236 2606 indeclinabile,
1253 2539 1325 2595 unde
1340 2557 1348 2593 ε
1362 2537 1420 2610 Epa
1434 2555 1494 2595 ram
1506 2555 1594 2608 amen,
1610 2540 1637 2597 id
1652 2548 1695 2596 est
1704 2557 1751 2599 re·

112 2634 183 2693 illud
199 2634 339 2705 Evangelii
355 2630 408 2689 :Si
425 2633 505 2703 offert
516 2650 612 2689 munuc
629 2643 707 2689 taum
719 2633 755 2688 ad
767 2634 865 2703 altare,
879 2637 905 2693 id
955 2631 1043 2698 ritas3
1067 2631 1235 2702 quandoque
1256 2639 1299 2687 est
1322 2630 1481 2687 adverbium
1497 2630 1663 2700 aillrmandi,
1685 2647 1761 2690 cum

112 2727 323 2784 celerationem
336 2726 364 2780 tn
385 2737 487 2782 mente.
507 2724 614 2782 Dicitur
631 2726 717 2782 ettam
733 2726 906 2784 ecclesiasti·
955 2720 1116 2777 affirmative
1131 2719 1348 2791 mulceamini
1363 2738 1372 2776 τ
1389 2722 1473 2777 tmen
1485 2720 1546 2775 aira
1560 2720 1749 2792 solimannu-

110 2832 179 2874 cum
200 2825 413 2877 sacramentum.
430 2816 502 2872 unde
515 2815 544 2871 in
560 2815 671 2871 Psalmo
690 2831 698 2868 ε
718 2815 826 2872 Altaria
846 2827 904 2885 tna,
955 2812 1048 2883 doque
1062 2819 1106 2866 eat
1116 2810 1232 2866 verbum
1245 2810 1437 2868 conclusivum
1449 2808 1516 2866 dum
1528 2810 1686 2867 conclusive
1700 2826 1752 2881 po·

111 2907 227 2964 Damim
240 2908 379 2964 uirtutum.
390 2908 502 2964 Dixerat
513 2908 642 2978 superius
655 2906 744 2965 tidelis
753 2909 827 2980 qaod
842 2925 906 2980 par·
955 2905 1032 2961 nitur
1043 2904 1072 2959 in
1086 2903 1140 2959 une
1156 2903 1291 2960 orationis
1302 2919 1390 2971 amen,
1406 2902 1434 2959 id
1452 2911 1495 2959 est
1510 2900 1567 2958 bnt.

111 3000 264 3057 minuant
274 3000 326 3055 riti
336 3002 444 3055 domum
458 3009 483 3054 et
499 3008 588 3055 turtur
600 3002 705 3066 nidum,
718 3000 745 3056 id
760 3009 803 3057 est
819 3001 942 3095 lldelisc
993 2994 1182 3065 Amenanus,
1209 3010 1271 3067 (ιιι)
1300 3003 1358 3050 tota
1387 3001 1431 3050 est
1465 2994 1593 3062 rubeas,
1628 3002 1657 3050 et
1687 3002 1750 3049 tan·

113 3090 220 3148 invenit
233 3092 419 3147 ecclesiastica
439 3100 611 3147 sacramenta
633 3091 780 3162 inquibus
800 3092 908 3162 reponit
956 3100 1042 3157 quam
1056 3101 1120 3143 rosa
1134 3085 1290 3145 flammulas
1314 3085 1449 3157 quasdam
1464 3086 1542 3143 dese
1562 3085 1687 3155 edundit,
1710 3087 1752 3143 si·

112 3182 251 3240 morum
273 3198 386 3254 operum
400 3183 584 3249 ineremcntn;
599 3190 627 3237 et
650 3197 686 3238 nc
707 3183 770 3254 quis
786 3180 906 3240 diceret:
958 3176 1128 3248 gniilcateos
1147 3175 1196 3245 qni
1214 3176 1287 3230 inter
1306 3182 1444 3230 tormenta
1460 3175 1599 3245 passionis
1620 3192 1683 3247 quae
1698 3192 1749 3249 pro

114 3274 184 3342 Quia
205 3284 244 3331 ert
263 3276 312 3330 iate
337 3275 427 3343 nidor,
452 3273 581 3330 additur:
598 3272 699 3328 altaria
714 3284 773 3342 tua,
796 3272 908 3329 Domine
957 3268 1015 3326 Deo
1036 3268 1185 3336 sustinent,
1214 3277 1345 3340 tanquam
1375 3269 1501 3326 dammas
1536 3270 1680 3326 charitatis
1712 3271 1748 3327 de

113 3366 256 3432 virtutum,
269 3377 324 3421 etc.
958 3362 1138 3429 secmittunt,
1152 3370 1263 3417 orantes
1279 3377 1330 3432 pro
1340 3362 1381 3419 eis
1398 3362 1447 3433 qui
1459 3377 1490 3419 se
1504 3363 1623 3430 ιεειιει,
1645 3372 1672 3418 et
1684 3362 1750 3435 plus

150 3453 247 3519 divite,
272 3453 395 3524 proprie,
429 3462 496 3519 etc..
523 3453 625 3510 dicitur
646 3461 759 3525 martyr,
780 3454 852 3510 unde
879 3454 906 3511 ia
956 3455 1052 3512 dolent
1080 3453 1115 3510 de
1142 3464 1257 3525 peccato
1273 3462 1483 3524 persecutorum
1501 3467 1585 3524 quam
1608 3453 1643 3510 de
1657 3458 1749 3525 poents

112 3547 265 3617 Evangelio
280 3563 288 3601 ι
305 3545 388 3600 Tauri
402 3553 427 3600 et
441 3545 529 3599 altilia
548 3547 637 3600 accisa
657 3555 730 3601 runt.
747 3544 831 3602 Tauri
849 3562 908 3602 ma·
957 3562 1029 3618 quas
1054 3546 1204 3603 sustinent.
1229 3543 1280 3600 iiic
1300 3545 1412 3615 ponitur
1426 3553 1567 3600 extremus
1589 3544 1617 3599 in
1633 3544 1754 3601 aedilicio

110 3641 200 3713 iores,
214 3637 299 3692 altilia
311 3636 432 3691 minores
440 3636 487 3706 qui
505 3634 724 3706 proinderristi
734 3639 819 3694 occisi
831 3646 906 3694 avant.
957 3640 1078 3696 coelestis
1092 3638 1255 3706 ierusalem,
1267 3638 1334 3709 quia
1356 3636 1609 3708 signibcatcosqui
1630 3651 1680 3706 pro
1697 3637 1749 3691 ini·

151 3726 276 3784 Altitudo
301 3725 411 3796 proprie
437 3724 537 3780 dicitur
555 3723 740 3795 profunditas,
765 3725 794 3781 id
808 3734 851 3782 est
865 3728 908 3782 in·
957 3730 1039 3787 micis
1051 3737 1143 3786 orant.
1157 3729 1227 3785 Nam
1248 3729 1337 3787 virtus
1348 3728 1483 3784 virtutum
1503 3735 1547 3783 est
1561 3743 1612 3798 pro
1627 3727 1751 3783 inimicis

113 3819 405 3891 comprehensibilitas
430 3825 599 3874 secretorum
626 3816 685 3884 Dci,
699 3816 772 3874 unde
788 3817 907 3888 Aposto-
957 3836 1040 3876 orare
1051 3828 1079 3875 ct
1091 3818 1332 3891 persequentibus,
1348 3827 1379 3873 et
1394 3819 1474 3889 pauci
1498 3818 1678 3873 inveniuntur
1697 3817 1752 3874 iroc

114 3914 160 3969 ius
176 3927 183 3965 :
202 3910 225 3967 0
248 3910 367 3966 altitudo
385 3910 542 3965 dinitiarum
559 3909 700 3980 capientia
712 3909 783 3963 Dei!
802 3907 908 3964 Dicitur
957 3910 1067 3967 iecisse.
1085 3909 1186 3966 Tamen
1202 3910 1273 3967 duos
1291 3910 1319 3965 in
1331 3908 1421 3965 Veteri
1431 3908 1620 3977 Testamento,
1636 3909 1749 3980 iioyseu

114 4002 431 4074 sublimitaspotestatis,
445 4002 517 4057 unde
532 4000 635 4057 Paulus
650 4019 657 4056 :
674 4000 766 4072 Neque
779 4000 905 4069 altitudo,
957 4010 986 4060 et
997 4001 1153 4059 Samuelem
1164 4020 1172 4070 ;
1185 4000 1256 4059 duos
1267 4017 1333 4058 sero
1351 4002 1379 4056 in
1394 4000 1483 4071 Novo,
1494 4000 1637 4057 Christum
1651 4001 1749 4058 videli-

114 4109 197 4165 rvegae
210 4094 372 4164 prafundum
397 4093 531 4164 separabit
549 4109 598 4149 nna
609 4109 626 4147 a
639 4092 768 4148 charitate
785 4091 845 4147 Dei.
858 4089 906 4148 Di·
957 4103 1002 4152 cet
1014 4104 1042 4150 et
1055 4093 1238 4165 Stephanum,
1260 4094 1429 4151 invenimus.

115 4191 189 4247 citur
209 4188 314 4243 malitia
330 4186 499 4251 iudaeorum,
516 4187 590 4243 unde
603 4187 631 4241 in
642 4184 754 4242 Psalmo
773 4204 780 4239 :
799 4182 864 4238 Veni
879 4183 907 4237 in
993 4184 1104 4241 Amicus
1117 4183 1454 4255 propriedicitnrratione
1472 4183 1657 4255 cognationis,
1672 4183 1750 4239 unde

116 4278 287 4335 altitudinem
298 4279 393 4344 maris,
405 4277 432 4333 id
445 4287 487 4333 εει
499 4278 526 4333 in
537 4276 670 4332 maiitiam
681 4273 907 4332 ludaeorumDi·
958 4275 1063 4332 dicitur
1076 4273 1193 4331 iudaice
1208 4276 1309 4347 populo
1328 4276 1356 4331 in
1379 4274 1474 4331 Exodo
1487 4292 1495 4330 t
1508 4274 1610 4348 Ditiper
1629 4277 1748 4331 amicum

116 4372 190 4426 citur
213 4370 375 4441 magnitudo
405 4369 626 4434 tribulationum,
655 4375 686 4422 ut
713 4366 741 4421 in
775 4365 1732 4438 predicto1)taam,idestproaimumtunmgenere,sciiicetinDeum
1764 4406 1767 4415 .

116 4457 252 4527 exemplo,
282 4457 435 4514 secundum
461 4457 543 4513 aliam
566 4455 780 4527 expositionem,
804 4463 833 4511 et
862 4464 906 4511 est
957 4468 982 4513 et
1000 4455 1427 4523 odioiraietiainimicnmtnvnr,
1443 4456 1470 4513 id
1486 4457 1682 4527 estgentiicm.
1700 4454 1751 4511 Di·

116 4564 232 4605 sensus:
250 4549 314 4605 Veni
324 4551 353 4604 in
361 4549 528 4604 altitudinem
536 4550 630 4615 maris,
641 4548 668 4603 id
676 4555 729 4615 est,
738 4547 852 4618 exposui
864 4561 909 4604 me
957 4550 1030 4606 citur
1040 4548 1146 4605 amicus
1154 4548 1260 4604 ratione
1270 4557 1386 4614 natura,
1406 4548 1479 4604 unde
1492 4549 1519 4603 in
1534 4547 1608 4604 Luca
1623 4564 1630 4601 ι
1644 4549 1749 4616 danice,

116 4641 258 4710 multipiici
272 4640 443 4697 tribulationi
454 4638 612 4698 iudanam
626 4640 725 4695 active.
957 4639 1128 4695 accommoda
1144 4640 1209 4694 milri
1225 4651 1278 4695 trec
1293 4655 1386 4710 panea.
1400 4641 1515 4697 Amicus
1529 4640 1633 4696 dicitur
1643 4640 1688 4695 bic
1701 4655 1747 4695 ru·

153 4732 244 4791 Dum
255 4733 375 4804 proprie,
388 4733 461 4788 unde
473 4732 500 4786 in
511 4729 622 4787 Psalmo
643 4730 815 4788 :Aarerrdem
828 4728 907 4786 Jecur
957 4731 1034 4788 tione
1049 4740 1157 4788 naturae
1170 4731 1274 4797 anima,
1292 4731 1358 4803 quia
1378 4732 1489 4802 quarvdo
1508 4733 1600 4789 aalma
1614 4732 1695 4789 rediit
1707 4731 1746 4786 ad

117 4826 147 4881 in
162 4824 258 4880 altum.
272 4824 376 4880 Dicitur
390 4825 475 4880 altum
490 4838 576 4889 mare,
591 4821 664 4878 unde
679 4820 833 4893 Virgilius:
957 4836 988 4878 se
1001 4823 1088 4893 ipsam
1107 4822 1142 4879 de
1164 4822 1219 4888 via,
1235 4822 1323 4879 idest
1338 4823 1484 4894 vagatione
1504 4824 1654 4890 mundana,
1675 4823 1745 4879 dici·
1769 4869 1771 4873 .

199 4915 275 4973 Viae
290 4928 428 4988 comperta
441 4916 541 4973 Simia
557 4916 661 4971 trituris
681 4915 710 4969 in
720 4915 817 4971 attam.
957 4922 1002 4970 tur
1012 4914 1120 4982 redire;
1135 4929 1184 4986 per
1196 4923 1251 4970 tres
1265 4930 1351 4986 panes
1364 4915 1527 4988 intelligitur
1541 4915 1609 4971 tides
1621 4912 1743 4968 Priaita»

119 5005 225 5075 Dicitur
242 5008 338 5074 naiile,
354 5008 427 5064 unde
450 5006 523 5062 idem
547 5023 555 5061 ε
578 5006 641 5061 Alta
662 5005 696 5059 de
717 5006 856 5077 sangnine,
880 5002 908 5060 td
958 5006 1005 5063 tis.
1024 5004 1130 5063 Dicitur
1156 5007 1263 5064 anricus
1288 5007 1458 5065 exhibitione
1487 5007 1589 5078 operis,
1617 5003 1691 5059 unde
1714 5004 1744 5061 in

117 5108 161 5155 est
181 5099 216 5156 de
241 5101 326 5159 nobili
351 5115 461 5170 genere.
485 5097 591 5155 Dicitur
608 5096 728 5166 ruperia,
745 5098 818 5155 unde
832 5097 908 5168 Apo·
957 5096 1128 5171 Evangelio:
1146 5097 1208 5167 llos,
1224 5099 1307 5155 amici
1331 5100 1381 5154 mei
1405 5100 1482 5167 ertia,
1504 5099 1529 5152 ri
1543 5094 1661 5167 [meritis
1683 5108 1747 5166 autc

119 5192 208 5249 stolus
224 5208 232 5244 r
250 5189 522 5262 Natiattamrapere,
538 5191 618 5247 idest
632 5189 815 5261 supcrbe,red
832 5188 908 5243 time.
957 5205 1012 5260 epo
1032 5190 1160 5260 precipio
1183 5190 1268 5247 auiis.
1293 5189 1400 5246 Dicitur
1423 5189 1530 5246 amicus
1551 5186 1743 5255 simulatione,

155 5284 330 5349 Amaritado,
341 5282 461 5352 proprie,
475 5282 577 5338 dicitur
594 5281 704 5337 miseria
715 5280 820 5348 saecuti,
836 5278 909 5335 unde
957 5281 1074 5339 ande-in
1085 5281 1232 5356 Evangelio
1243 5283 1277 5340 de
1288 5281 1431 5355 hypocrita
1447 5279 1571 5336 dicitnr:
1588 5279 1691 5346 Arnim,
1705 5277 1743 5333 ad

120 5373 149 5430 in
162 5372 235 5430 lob:
252 5372 315 5429 Nan
330 5375 446 5444 peccari,
461 5383 486 5429 et
500 5374 528 5429 in
541 5373 768 5429 amaritudinibus
785 5379 915 5427 moratur·
957 5371 1021 5442 quid
1038 5373 1147 5430 intrasti
1159 5373 1172 5427 i
1186 5371 1292 5428 Dicitur
1305 5372 1412 5428 amicus
1434 5368 1540 5424 ratione
1563 5367 1742 5434 sacramenti,

121 5466 216 5522 oculus
226 5482 311 5532 msa,
328 5474 383 5522 etc.
401 5465 506 5523 Dicitur
525 5465 598 5521 mala
618 5466 755 5539 cupiditas
770 5474 913 5535 tempora.
958 5468 985 5526 id
995 5478 1039 5523 est
1049 5476 1223 5524 sacramento
1234 5466 1307 5532 ildei,
1319 5480 1373 5522 nou
1387 5463 1441 5520 tide
1452 5460 1629 5528 sacramenti,
1644 5473 1744 5515 mena·
1770 5497 1773 5503 ·

122 5559 191 5616 lium
202 5575 265 5631 qum
277 5575 332 5615 non
346 5557 411 5629 quis
419 5557 508 5629 possit
519 5557 636 5627 babere;
651 5559 724 5615 unde
737 5558 809 5616 alius
824 5577 832 5614 ι
847 5555 907 5612 iia·
958 5558 1025 5615 dum
1038 5572 1122 5630 guam
1133 5556 1333 5629 expositionem
1348 5554 1403 5610 ista
1418 5550 1570 5609 auctoritas
1583 5549 1625 5606 sic
1641 5545 1742 5619 erponi
1766 5588 1771 5597 .

125 5650 194 5707 titur
209 5652 236 5709 in
250 5649 430 5710 amaritudine
441 5648 539 5708 anime
552 5665 607 5708 aare
617 5652 714 5724 niaque
724 5650 788 5708 uilia
802 5650 912 5722 opilea..
958 5659 1051 5726 potest
1065 5669 1075 5709 t
1088 5650 1188 5721 Amice,
1201 5647 1331 5722 quamodo
1348 5647 1398 5702 irac
1412 5646 1519 5704 intrasti
1529 5661 1582 5702 non
1593 5643 1690 5700 inient
1701 5656 1744 5697 vc·
