3992 6042
246 237 299 292 est
899 227 1004 284 ALle
1022 227 1067 283 DE
1084 227 1221 285 insulis
1820 226 1877 296 'nge

247 352 342 407 mitus.
358 347 494 417 Quoniam
518 358 572 405 tuae
592 348 811 419 magnanimitati
830 360 929 418 ignava
950 360 1034 417 opum
1047 353 1072 414 Α
1086 346 1219 413 edendae,
1235 360 1331 401 vemm
1343 345 1427 401 etiam
1440 346 1467 402 in
1479 346 1736 418 libroeaperientia
1750 350 1814 421 legi,
1824 362 1875 410 tua

247 440 369 511 pondera
391 447 559 510 praesentare
574 438 688 494 minime
707 437 781 492 uolui
799 438 900 507 quibus
918 437 953 492 ad
968 434 1037 493 iaci·
1088 436 1243 507 benignitas
1272 437 1438 495 inconcusse
1467 448 1557 494 seruet
1585 439 1716 509 illaesum,
1740 445 1875 512 quoniam

247 551 301 590 nus
326 532 396 588 nihil
429 530 592 587 instructius
617 545 680 586 cum
704 530 823 585 habendi
849 527 910 585 sitis
940 528 1038 584 inean·
1089 528 1210 599 quandiu
1234 528 1349 600 spiritus
1369 544 1449 587 meus
1474 530 1606 587 adiuuerit
1631 541 1726 601 artua,
1751 535 1876 605 quandiu

247 625 308 680 duit
322 624 396 694 (tu),
416 622 484 677 nibil
505 621 587 677 vilius
609 636 671 677 cum
696 636 728 675 ea
752 619 842 674 ricton
855 619 964 674 animus
983 619 1036 675 sibi
1088 618 1245 689 temporalis
1259 618 1322 675 tite
1341 619 1467 676 diversos
1487 620 1578 690 patiar
1596 622 1753 691 discursus,
1767 637 1878 694 semper
1984 654 1985 661 ι

248 716 352 770 calcata
367 712 496 782 subjecit.
512 711 571 768 lloc
584 712 674 768 solum
694 721 784 768 autern
796 720 870 767 tuam
883 710 1036 781 paternita·
1088 714 1162 784 apud
1185 728 1230 770 me
1255 713 1343 786 gloria
1365 724 1412 770 tua
1440 730 1597 787 nomenque
1620 723 1699 771 tuum
1725 716 1879 789 laudesque

248 814 302 860 tem
316 812 373 859 tota
387 803 488 858 mentis
510 802 655 859 devotione
676 804 806 874 deposco,
823 808 854 856 ut
867 808 922 857 tuae
936 800 1035 857 amici·
1088 805 1249 863 manebunt.
1263 805 1300 863 Ut
1312 807 1389 875 uolo,
1403 806 1445 863 sic
1458 807 1552 863 taleas
1566 807 1593 862 in
1605 817 1749 863 aeternum.

248 895 293 950 tiae
319 894 410 951 ioedus
435 893 599 962 gloriosum.
618 895 697 967 ¹guod
721 909 778 952 non
801 892 890 952 solum
911 891 940 948 in
963 891 1036 949 libro

617 1208 889 1301 utusuuut
926 1201 1245 1298 PROLOGUS
1280 1202 1495 1296 ALTER.

283 1576 421 1644 Quoniam
441 1574 520 1646 juxta
541 1575 722 1634 Aristotelicas
739 1576 911 1633 auctoritatis
929 1591 1036 1647 praco-
1051 1577 1074 1639 B
1088 1590 1142 1632 erae
1164 1574 1314 1647 scripturae
1333 1574 1440 1646 ingerat
1460 1571 1606 1642 superbus,
1617 1570 1730 1642 dignum
1744 1571 1878 1633 duximus

249 1673 338 1739 nium,
353 1671 402 1741 qui
419 1671 552 1727 uirtutum
565 1670 709 1727 nominum
732 1681 797 1729 sunt
815 1673 904 1743 ignari
915 1674 970 1730 etto
986 1688 1038 1743 pa.
1089 1666 1306 1737 theologicorum
1341 1664 1487 1719 uerborum
1526 1662 1740 1734 significationes
1774 1662 1879 1719 distin·

249 1762 446 1833 ralogiaantur,
459 1762 487 1817 in
504 1775 583 1817 saera
594 1762 696 1834 pagina
707 1763 892 1833 periculosum
908 1772 950 1820 est
964 1763 1039 1819 theo·
1088 1772 1181 1830 gnere,
1196 1756 1421 1827 metaphorarum
1444 1754 1568 1810 rationes
1587 1754 1739 1825 assignare,
1753 1756 1879 1810 occultas

249 1851 401 1922 logicorum
417 1852 561 1906 nominum
580 1848 709 1919 ignorare
719 1850 846 1917 uirtutes,
862 1851 909 1907 ubi
930 1852 1039 1922 perieu-
1088 1859 1228 1919 troporum
1244 1846 1395 1918 positiones
1411 1846 1439 1902 in
1455 1845 1544 1901 lucem
1560 1843 1703 1912 reducere,
1719 1853 1749 1900 ut
1762 1844 1879 1901 liberior

249 1941 336 1996 losius
348 1940 451 2011 aliquid
463 1939 607 2011 queritur,
618 1941 666 1996 ubi
677 1940 814 1998 difficilius
826 1942 975 2010 invenitur,
990 1943 1037 1999 ubi
1088 1941 1123 1998 ad
1138 1955 1246 1998 sacram
1257 1940 1385 2011 paginam
1398 1939 1534 2010 pandatur
1544 1939 1682 2006 introitus,
1695 1953 1729 1994 ne
1739 1939 1774 1994 ab
1785 1939 1878 1998 aliena

248 2046 304 2087 non
327 2031 460 2088 habemus
487 2047 628 2090 sermones
649 2033 683 2089 de
706 2033 808 2104 quibus
821 2034 972 2106 loquimur,
989 2035 1037 2090 ubi
1087 2032 1227 2104 positione
1249 2029 1361 2086 fallatur
1375 2030 1530 2102 theologus,
1546 2040 1574 2085 et
1589 2029 1626 2085 sit
1641 2028 1749 2085 facilior
1760 2030 1804 2084 ria
1828 2031 1877 2086 in·

247 2136 308 2177 rem
332 2129 427 2176 otest
455 2136 547 2178 sermo
571 2137 626 2179 non
648 2123 780 2194 loquitur,
797 2124 844 2180 ubi
864 2125 997 2181 uocabula
1021 2141 1037 2180 a
1087 2120 1243 2193 telligendi;
1270 2121 1363 2176 minos
1387 2120 1570 2191 intelligentes
1597 2120 1709 2189 invitet,
1734 2129 1878 2191 torpentes

248 2212 370 2283 propriis
396 2211 644 2283 significationibus
666 2216 877 2286 peregrinantur
899 2225 927 2272 et
950 2230 1037 2273 novas
1087 2214 1198 2281 excitet,
1211 2212 1355 2283 peritiores
1369 2212 1500 2279 delectet;
1516 2221 1544 2268 et
1563 2212 1604 2269 sic
1618 2212 1734 2269 diversae
1753 2214 1877 2270 vocabu·

248 2303 380 2359 admirari
402 2303 546 2371 videntum
562 2305 610 2360 ubi
631 2305 723 2360 divina
742 2305 884 2362 descendit
900 2307 1038 2364 excellen·
1086 2304 1177 2359 lorum
1193 2303 1377 2372 acceptiones,
1391 2317 1453 2371 quaa
1474 2302 1501 2356 in
1521 2301 1637 2356 diuersis
1662 2316 1747 2356 sacra
1767 2302 1878 2372 paginae

248 2396 287 2448 tia
302 2392 466 2448 utliumana
489 2395 620 2450 ascendat
638 2395 831 2466 intelligentia;
852 2397 900 2453 nbi
922 2399 1036 2455 uomina
1086 2394 1154 2451 loeis
1175 2395 1269 2465 jacent
1294 2392 1449 2462 incognitae,
1471 2392 1498 2446 in
1523 2392 1611 2447 locem
1640 2392 1877 2447 manifestationis

248 2483 490 2553 pronominantur,
510 2484 558 2540 ubi
572 2483 707 2554 adjectiva
726 2486 973 2557 substantivantur,
989 2490 1036 2544 ubi
1087 2485 1256 2541 reducantur
1281 2483 1424 2554 prasentia
1452 2483 1576 2553 opusculi
1603 2483 1810 2553 explanatione;
1841 2492 1876 2537 ut

248 2573 365 2628 verbum
381 2588 437 2629 non
452 2583 495 2631 est
509 2584 575 2631 uota
596 2577 656 2647 ejus
676 2578 749 2648 quod
765 2578 799 2633 de
819 2579 907 2635 altero
923 2579 1034 2649 dicitur,
1086 2576 1196 2632 breuior
1218 2574 1375 2647 explanatio
1397 2575 1581 2644 prolixitatem
1600 2575 1737 2640 excludat,
1751 2572 1875 2629 brevitas

248 2663 297 2719 ubi
319 2664 380 2721 sine
401 2665 563 2722 inbaereutia
580 2669 751 2737 pradicatio,
767 2669 814 2724 ubi
836 2670 896 2725 sine
919 2672 1035 2728 materia
1088 2668 1227 2723 fastidium
1246 2667 1333 2732 tollat,
1348 2665 1484 2736 expositio
1500 2666 1661 2731 obscurum,
1676 2664 1874 2733 compendiosa

247 2752 393 2824 subjectio,
412 2754 458 2810 ubi
486 2755 628 2812 affirmatio
650 2756 812 2828 impropria,
828 2757 937 2829 negatio
958 2772 1034 2826 uera,
1086 2758 1212 2814 doctriua
1229 2756 1262 2829 [Ῑ.
1282 2757 1328 2812 ad.
1344 2754 1486 2827 temporis]
1509 2755 1693 2824 dispendium.
1711 2751 1804 2808 Nostri
1820 2767 1875 2809 au·

247 2842 294 2898 ubi
317 2844 486 2900 constructio
505 2860 560 2900 non
585 2845 710 2915 subjacet
729 2846 836 2917 legibus
859 2846 969 2913 Donati,
986 2849 1033 2904 ubi
1086 2856 1141 2902 tem
1162 2847 1252 2916 operis
1267 2846 1408 2901 exsecutio
1426 2844 1479 2900 bac
1503 2844 1686 2899 ordinationis
1705 2845 1776 2899 serie
1794 2854 1875 2899 texe-

247 2932 391 2989 transiatio
416 2934 505 2991 aliena
532 2950 548 2990 a
573 2936 677 3008 regulis
696 2934 791 3002 Tullii,
808 2938 855 2993 ubi
880 2940 1034 2995 enuntiatio
1048 2916 1070 2976 ⁰
1086 2949 1132 2996 tur
1147 2947 1177 2994 nt
1189 2939 1267 3009 juxta
1290 2937 1442 2994 litterarum
1464 2934 1601 3007 alphabeti
1617 2935 1739 2990 ordinem
1755 2936 1874 2993 diuersae

245 3023 391 3094 peregriua
414 3025 450 3080 ab
466 3024 622 3083 Aristotelis
643 3026 820 3096 documento,
837 3030 885 3085 ubi
902 3030 965 3087 ddei
985 3048 1032 3088 re·
1086 3030 1301 3102 theologicarum
1322 3028 1474 3083 dictionum
1490 3026 1704 3098 significationes
1718 3028 1873 3083 secundnm

245 3123 320 3171 mota
336 3116 482 3173 arationis
495 3127 666 3189 argumento.
691 3119 726 3175 Et
741 3120 804 3176 ideo
818 3136 853 3177 ne
866 3120 966 3178 falsum
982 3139 1034 3193 pro
1085 3122 1255 3193 positionum
1274 3120 1396 3175 rationes
1411 3127 1438 3175 et
1451 3132 1550 3174 causas
1567 3117 1683 3173 tideliter
1696 3117 1874 3189 distinguan-

244 3219 312 3260 vero
324 3206 439 3262 affirmet
454 3207 610 3280 theologus,
623 3224 657 3265 ue
672 3225 705 3266 ex
721 3209 790 3267 lalsa
808 3212 1033 3282 interpretatione
1086 3222 1142 3280 tur,
1157 3220 1185 3267 et
1198 3211 1316 3267 dirersis
1338 3211 1481 3266 titulorum
1506 3211 1634 3282 capitulis
1657 3210 1786 3266 adnotata
1805 3225 1873 3280 pro-

244 3311 367 3353 errorem
381 3299 526 3356 confirmet
540 3300 696 3366 haereticus,
712 3309 743 3355 ut
760 3315 777 3355 a
793 3302 904 3357 litterali
929 3303 1032 3358 intelli·
1084 3304 1190 3357 secutio
1204 3302 1300 3357 lectori
1318 3302 1392 3372 quod
1406 3301 1524 3357 voluerit
1537 3300 1669 3358 offeratur
1683 3301 1872 3358 distinctionis

244 3384 336 3453 gentis
354 3394 483 3443 arceatur
495 3385 618 3456 tudens,
635 3403 670 3445 ne
692 3403 775 3444 suurn
797 3389 966 3446 intellectum
987 3408 1033 3448 sa·
1084 3391 1220 3450 subsidio.
1237 3389 1368 3462 Sequitur
1381 3392 1416 3449 A.

282 3517 338 3588 ι46)
356 3514 550 3599 flunclocum·
561 3519 747 3601 restituimus·
763 3520 959 3604 ope-codicis·
977 3540 1031 3580 ms.
1085 3526 1191 3608 uiuam..
1208 3528 1305 3599 ignaua
1323 3545 1430 3600 operam
1445 3531 1568 3613 madere
1584 3541 1745 3600 presentare
1761 3533 1872 3589 mininie

244 3586 297 3641 sub
322 3600 351 3665 n.
374 3585 408 3637 75
431 3601 459 3666 run
486 3586 649 3667 bibliotheca
673 3588 781 3658 publica
803 3589 959 3648 divionensi
982 3608 1030 3648 as·
1084 3595 1392 3670 aelat,rednrcognntos
1405 3601 1500 3670 patiam
1514 3601 1870 3670 fucrnaaniirilinrtractiru

243 3662 355 3709 serrati.
381 3650 493 3724 Legitur
517 3670 545 3709 m
568 3655 688 3713 editione
711 3657 901 3717 Darentriensi
923 3679 931 3717 z
955 3661 1032 3727 Quo·
1085 3666 1366 3725 roatadaiendiritis
1382 3669 1607 3739 incanduit,ctc.,
1622 3680 1760 3742 corrupte.

243 3822 1869 3872 Μ

679 4043 1156 4163 VENERnssluls
1197 4051 1413 4169 nsaht

463 4258 585 4322 LIBER
597 4258 639 4323 IN
653 4260 1003 4328 utsutttcutonmus
1017 4265 1249 4332 DICTIONUM
1264 4269 1642 4342 unnohoutcnututu.

898 4426 1053 4494 Felicitan
1071 4428 1199 4513 incipit⁸

1018 4806 1088 4919 A

270 5011 472 5088 Aquandoque
495 5022 574 5071 notat
589 5015 698 5082 locum;
713 5015 787 5073 uude
799 5014 827 5070 in
850 5013 997 5086 Evangelio
1013 5033 1021 5072 a
1037 5014 1153 5079 baem:
1171 5016 1244 5074 utrde
1255 5016 1285 5076 ba
1297 4976 1447 5096 Evangelio
1465 5042 1475 5083 a
1488 5023 1570 5083 Earini
1589 5029 1701 5087 aPatre
1719 5040 1745 5086 et
1761 5043 1818 5097 uena·
1832 5043 1866 5097 ῑη

237 5105 444 5172 llomoeuidarn
463 5106 636 5163 descendebat
659 5104 844 5161 elementem
862 5108 891 5159 in
904 5104 1021 5162 teristro.
1075 5107 1212 5165 mnndum.
1242 5108 1325 5169 Notat
1350 5115 1529 5185 spirationem
1554 5120 1613 5178 sive
1636 5128 1862 5201 processionem

234 5194 413 5254 Notatetiam
434 5205 558 5267 tempus3
587 5196 660 5253 unde
681 5196 708 5251 iu
738 5195 851 5252 llichaea
865 5196 1020 5267 propbeta:
1073 5199 1147 5255 unde
1161 5202 1189 5257 in
1214 5203 1361 5279 Evangelio
1377 5226 1386 5264 a
1403 5209 1568 5281 Responsum
1589 5220 1692 5291 aceepit
1712 5218 1821 5278 simma
1842 5243 1865 5281 a

234 5283 364 5340 Adicias
379 5287 510 5357 antiquis.
533 5284 616 5341 Notat
636 5286 834 5353 aetemitatem;
860 5285 938 5341 unde
959 5284 1035 5342 idem
1069 5285 1172 5359 Spiritu
1190 5305 1293 5351 anneto.
1319 5296 1402 5355 Notat
1425 5306 1626 5373 separationem
1650 5309 1709 5366 sire
1727 5313 1865 5373 minotio·

235 5373 362 5430 llicbaeas
380 5374 533 5448 :Egressus
555 5377 611 5447 ejus
637 5375 670 5430 ad
695 5376 771 5430 initio
797 5376 924 5432 edicius
943 5388 1021 5435 oeter·
1073 5399 1153 5453 nem;
1181 5389 1254 5444 unde
1278 5389 1306 5445 in
1330 5388 1403 5446 Psal.
1435 5410 1444 5450 a
1478 5393 1514 5449 Et
1538 5398 1703 5455 emundabor
1725 5418 1743 5454 a
1762 5401 1865 5460 delicto

236 5461 434 5520 nominitant
448 5468 657 5534 auctoritatem
676 5466 749 5521 uttde
773 5466 801 5522 io
816 5465 889 5525 Psal-
906 5471 949 5525 :A
964 5471 1020 5525 Do·
1073 5479 1202 5535 noaino.
1213 5479 1295 5537 Notat
1308 5485 1485 5552 partitionem
1498 5488 1536 5544 rei
1551 5486 1586 5544 ab
1600 5492 1779 5548 universitate
1792 5509 1863 5551 eum

237 5553 307 5608 mine
324 5553 422 5622 iactant
435 5566 474 5613 est
486 5558 568 5615 istud.
582 5556 665 5615 Notat
677 5559 846 5618 nativitatem
861 5564 918 5621 sire
933 5564 1019 5636 origi·
1072 5570 1241 5644 exceptione,
1254 5583 1285 5629 ut
1298 5589 1361 5632 cum
1375 5575 1578 5647 diciturjattar,
1588 5588 1755 5651 separatura
1765 5595 1864 5639 massa
