3992 6042
248 215 300 275 rso
882 201 988 269 lanam
1008 212 1053 268 ne
1071 210 1207 268 rasuras
1466 249 1471 254 .
1829 224 1901 283 ,w
1975 189 1976 278 r

282 325 414 401 Cpmtolo
431 326 542 399 proprie
560 328 690 383 dicuntur
712 343 802 399 parare
820 342 960 398 campana
976 340 1037 396 quae
1051 343 1074 399 p
1088 325 1209 382 ddclium
1231 311 1403 398 concordiae,
1423 335 1496 389 unde
1515 320 1760 391 David‘f'tii'am
1774 353 1839 392 eum
1856 340 1893 396 in

247 430 361 479 acutum
386 419 503 477 reddunt
524 434 633 474 sonum.
657 419 793 476 Dicuntur
816 419 898 476 etiam
924 419 963 472 illi
987 417 1034 487 qui
1089 418 1219 492 egmlulir
1235 419 1297 475 lene
1315 421 1481 479 sonantibus.
1506 423 1642 480 Dicuntur
1662 425 1759 481 laudes
1782 427 1892 484 inustas

247 513 396 584 praedicant
403 525 451 566 ore
460 509 746 581 ctdissonantopcrea
755 510 956 582 praedicatione,
964 508 1036 565 undo
1085 512 1155 567 biles
1170 528 1231 582 quac
1245 527 1293 568 ore
1308 513 1429 584 plenarie
1440 515 1556 586 exprimi
1572 532 1627 572 non
1641 526 1770 588 possunt,
1783 519 1866 575 unde
1880 540 1890 578 :

246 608 281 661 de
299 604 400 660 talibus
414 601 482 657 dicit
496 600 644 671 Apostolus
658 601 731 672 qnod
745 603 797 672 ipsi
812 611 873 656 sunt
886 617 922 657 es
938 617 1035 657 sonans
1087 600 1210 657 Loudnte
1220 619 1279 658 eum
1295 604 1324 658 in
1335 605 1463 676 cpmlnlis
1478 605 1654 664 iubilationis.

246 702 272 758 et
295 692 445 771 symbulum
466 696 593 750 tinniens.
618 692 752 749 Dicuntur
776 693 858 748 etiam
881 692 1036 749 sniritualee

285 1029 450 1086 Demonirrm
476 1031 585 1101 proprie
609 1029 744 1100 significat
767 1043 852 1083 unum
870 1027 1033 1090 damonem,
1089 1033 1113 1079 et
1128 1031 1207 1090 octo,
1228 1023 1255 1078 id
1276 1032 1318 1079 est
1337 1022 1476 1096 distingue
1489 1026 1560 1082 inter
1574 1025 1659 1085 Vetus
1672 1027 1891 1088 Testamentum

248 1121 321 1176 unde
337 1119 424 1175 tanai
440 1120 474 1175 de
486 1121 595 1176 Christo
611 1121 637 1175 in
652 1118 758 1176 loanne
776 1138 783 1175 ε
799 1117 893 1173 Narone
908 1115 1037 1171 lerredici·
1089 1121 1116 1169 et
1130 1111 1248 1170 Nurum.
1265 1113 1293 1169 lta
1305 1112 1397 1169 Veteri
1409 1114 1482 1170 enim
1499 1114 1673 1175 Testamenta
1686 1129 1778 1189 patres
1787 1122 1888 1177 desen

247 1227 306 1266 ntus
322 1227 379 1278 aas,
401 1213 465 1281 puin
481 1211 641 1268 demonium
653 1209 741 1264 dales.
754 1207 825 1264 Nota
838 1206 912 1278 quod
926 1204 1035 1259 daemon
1089 1204 1199 1262 aierunt
1214 1205 1385 1275 septenario,
1406 1215 1498 1275 patres
1516 1204 1584 1262 Nori
1598 1206 1766 1268 Testamenti
1782 1211 1887 1269 neser-
1975 1217 1976 1228 ¹

249 1302 758 1373 interpretatnrseiens,etadaemone
777 1297 1035 1363 renitdoemonium,
1088 1300 1362 1358 uleruntuetonario.
1386 1297 1467 1358 Notat
1484 1303 1578 1358 datum
1595 1302 1789 1370 manilestare,
1808 1305 1887 1360 unde
1975 1363 1976 1366 ,

247 1401 276 1448 ει
288 1394 437 1449 seeundum
449 1393 565 1448 lroctam
577 1392 642 1447 horai
652 1392 739 1463 augeli
751 1405 832 1462 qrram
843 1389 907 1444 nrali
921 1393 1037 1458 possunt
1089 1389 1239 1460 Apostolus
1257 1409 1264 1446 ς
1280 1390 1394 1461 Propter
1410 1392 1480 1461 qnod
1493 1391 1564 1446 oeae
1578 1390 1651 1445 dedis
1669 1390 1711 1444 ιιιι·
1726 1406 1824 1444 nom
1835 1431 1844 1457 ‚
1857 1390 1887 1446 id

248 1484 386 1539 daemones
401 1481 465 1551 dici,
486 1485 512 1540 id
527 1493 569 1540 est
582 1484 708 1539 scientes.
723 1480 783 1552 lpse
798 1482 871 1536 eninr
885 1480 956 1535 Dens
969 1477 1037 1534 diei·
1089 1490 1131 1537 est
1154 1482 1339 1538 manifestavit
1361 1483 1386 1538 ei
1408 1482 1502 1537 datum
1523 1482 1551 1538 in
1576 1481 1791 1549 resurrectione,
1809 1479 1888 1551 quod

249 1583 294 1630 tur
308 1574 424 1637 daemon,
434 1575 506 1630 unde
515 1574 682 1644 inAsclepia:
699 1572 752 1639 Qui
765 1574 792 1626 in
806 1571 929 1641 presenti
944 1568 1037 1623 nolunt
1090 1571 1159 1630 nulli
1172 1572 1222 1626 dlii
1236 1572 1327 1627 dutum
1338 1583 1377 1628 est
1385 1589 1395 1638 ,·
1409 1582 1436 1627 et
1448 1573 1515 1628 alibi
1528 1573 1557 1627 in
1572 1570 1719 1642 Evangelio
1733 1590 1740 1626 :
1755 1570 1833 1624 Doto
1844 1580 1886 1626 est

250 1667 354 1721 credere
372 1667 466 1732 uerbis,
494 1667 523 1720 in
549 1666 640 1736 futuro
668 1676 792 1737 cogentur
820 1663 924 1718 eredere
939 1661 1037 1731 poenis:
1054 1660 1154 1723 Burilri
1170 1662 1382 1732 omnispotestns
1396 1663 1423 1717 in
1438 1661 1674 1726 eeloetinterru,
1691 1660 1773 1715 idest
1787 1662 1886 1716 mani-

252 1759 403 1815 transibunt
420 1759 489 1814 enim
505 1758 540 1812 nd
552 1758 757 1828 summijudicis
772 1765 939 1826 potestatem,
954 1754 981 1808 id
997 1761 1040 1809 εει
1089 1750 1218 1807 lentatum
1228 1762 1318 1808 estate
1328 1754 1428 1809 trabere
1436 1760 1598 1825 potestatem
1609 1751 1783 1807 incoeloetin
1793 1761 1886 1812 terra.

250 1850 310 1918 Dei,
326 1851 398 1907 unde
417 1850 481 1906 boni
497 1850 586 1922 angeli
598 1850 728 1905 dicuntur
742 1847 939 1904 calodaemones
966 1860 980 1898 a
994 1860 1040 1902 cu·
1124 1841 1223 1907 Dauid,
1233 1844 1334 1899 dicitur
1347 1843 1484 1907 Christus,
1501 1842 1571 1897 unde
1583 1842 1610 1896 in
1626 1843 1704 1897 titulo
1715 1840 1885 1911 lrnjuspsal·

250 1940 288 2004 lo,
306 1940 334 1995 id
354 1949 396 1996 est
421 1939 527 2006 bunum,
556 1940 583 1995 id
607 1949 648 1994 est
664 1940 733 1994 hona
756 1938 884 2003 scientes,
909 1943 938 1990 et
958 1934 1038 2000 bene,
1088 1934 1126 1989 ml
1139 1953 1147 1988 :
1161 1934 1243 2001 Deus,
1254 1933 1323 1990 Deus
1338 1952 1421 2002 meus,
1440 1935 1468 1989 in
1478 1935 1530 2006 line
1541 1933 1639 2005 prolati
1655 1932 1740 1987 Dauid
1754 1950 1804 2003 pro
1818 1950 1884 1989 ειιε·

250 2028 354 2099 quiain
380 2029 467 2084 honos
495 2043 562 2084 usus
587 2039 752 2084 convertunt
779 2025 1036 2090 scicntiamsuam3
1089 2027 1206 2097 ceptione
1230 2034 1255 2081 et
1279 2027 1458 2097 assumptione
1490 2026 1646 2092 matutino,
1672 2025 1709 2079 ilai
1732 2026 1807 2079 enim
1828 2026 1887 2082 hoo
1975 2047 1976 2050 ¹

249 2120 393 2202 malinam
407 2121 544 2176 daemones
556 2119 687 2175 dicuntur
711 2119 918 2175 cacodaemones
945 2131 959 2171 a
975 2132 1038 2171 eaeo
1089 2134 1188 2174 nomen
1201 2118 1297 2184 Dauid,
1312 2118 1429 2175 sumitur
1439 2118 1467 2172 in
1480 2117 1668 2187 designatione
1681 2115 1800 2183 Christi:
1810 2117 1883 2171 dici-

249 2212 323 2282 quod
333 2221 374 2267 est
384 2213 495 2280 naniam,
510 2212 574 2284 qnia
586 2213 655 2268 male
668 2211 781 2268 scientia
794 2226 842 2267 sua
852 2218 977 2265 uturatur.
992 2208 1039 2262 Di·
1090 2219 1134 2264 tur
1145 2210 1290 2279 poenitens,
1307 2218 1337 2263 ut
1352 2208 1379 2263 in
1393 2208 1472 2262 titulo
1487 2208 1570 2276 hujus
1593 2204 1690 2277 psalmi
1711 2205 1758 2260 ulti
1777 2205 1885 2260 dicitur

249 2303 642 2374 citurctiumdialtolns,qnia,
656 2301 1038 2375 quamrisomnisseienspu·
1088 2302 1116 2355 in
1131 2301 1183 2371 fine
1199 2302 1298 2372 psalmi
1312 2299 1397 2355 Deuid
1418 2313 1428 2352 :
1448 2316 1496 2370 pro
1521 2311 1614 2354 ostoun
1638 2313 1646 2352 :
1669 2298 1714 2354 nic
1734 2298 1809 2353 enim
1829 2298 1887 2353 lanc

249 2395 484 2462 testdicidaemon,
494 2397 669 2467 restringitur
679 2405 769 2451 tamen
782 2397 815 2451 ad
827 2395 1037 2467 significandum
1089 2407 1189 2449 nomen
1205 2395 1324 2450 sumitur
1338 2393 1366 2448 in
1383 2391 1572 2462 designatione
1588 2388 1756 2461 poenitentis.
1775 2387 1885 2444 Dicitur

248 2487 506 2557 malignnsspiritus
517 2496 634 2554 tantum,
647 2496 678 2542 ut
691 2488 1038 2558 perantiplrrasimdaemn·
1088 2483 1206 2554 populus
1223 2484 1275 2540 sub
1296 2483 1354 2554 lege
1368 2481 1488 2537 llosaiea
1513 2480 1692 2543 constitutus,
1708 2486 1739 2533 ut
1750 2476 1778 2533 in
1797 2479 1886 2533 titulo

249 2592 299 2633 nes
313 2575 450 2642 dicantur,
464 2578 529 2648 qnia
545 2578 573 2632 in
597 2592 696 2648 pravos
718 2594 786 2634 usus
801 2578 944 2634 scientiam
957 2592 1037 2633 suana
1088 2576 1161 2635 iliius
1179 2575 1299 2646 psalmi:
1325 2573 1479 2646 Uspnepuo,
1497 2571 1628 2640 Domine,
1648 2570 1831 2635 obliuiscaris,·
1851 2572 1882 2625 in

248 2678 420 2725 convertunt.
433 2669 603 2740 Quandoque
613 2670 778 2726 daemonium
795 2678 871 2726 notat
884 2669 1038 2726 multitudi·
1087 2667 1141 2736 pne
1158 2667 1259 2737 psalmi
1280 2667 1366 2723 Dauid
1392 2681 1402 2720 :
1421 2666 1466 2721 laic
1487 2664 1560 2720 enirn
1576 2679 1624 2734 per
1641 2662 1726 2719 David
1745 2660 1883 2718 luduicus

248 2775 312 2816 nent
326 2760 492 2828 daemonnm,
509 2761 581 2815 unde
593 2759 620 2814 in
636 2759 709 2816 Luca
723 2780 730 2816 :
746 2759 814 2815 Erat
838 2759 916 2815 lesus
928 2760 1036 2830 ejiciens
1087 2757 1206 2830 populus
1225 2759 1397 2831 intelligitur,
1413 2755 1515 2813 Christi
1531 2756 1679 2812 aduentum
1701 2762 1880 2825 exspectans.

248 2851 408 2907 demonium
437 2861 462 2907 et
478 2850 546 2906 illud
568 2861 625 2907 erut
646 2863 760 2919 mutum,
776 2853 811 2909 ab
838 2851 946 2918 effectu,
971 2851 1036 2922 quia
1123 2848 1173 2917 De,
1186 2851 1351 2922 quandoque
1366 2858 1443 2906 notat
1457 2848 1590 2914 locumut
1602 2846 1638 2903 ihi
1651 2847 1679 2902 in
1690 2845 1820 2904 Psalmo:
1838 2846 1884 2902 De

247 2943 391 2998 obsessum
415 2943 555 2999 hominem
568 2945 697 3001 reddebat
720 2954 836 3002 mutum.
855 2945 878 2999 d
894 2960 949 3016 quo
971 2960 1035 3001 cum
1086 2950 1145 3013 post
1159 2942 1377 3011 fetantesueeepit
1391 2957 1441 2997 ate.
1453 2939 1533 2995 Notat
1545 2947 1667 3014 tempus,
1686 2937 1755 2993 unde
1768 2936 1881 3002 Dauid:

246 3029 373 3088 Christus
381 3034 659 3104 quaeraretquomodo
667 3041 821 3099 vocaretur,
831 3034 973 3104 respondit
980 3034 1036 3089 dae-
1050 3030 1071 3091 C
1087 3036 1127 3091 De
1142 3035 1185 3090 die
1196 3036 1224 3089 in
1238 3034 1309 3089 diem
1321 3034 1442 3089 salutare
1452 3033 1520 3102 ejus.
1531 3030 1615 3087 Notat
1628 3030 1817 3088 anctoritatem
1833 3030 1883 3086 rel

247 3124 385 3179 monium:
403 3123 484 3194 Lepio
497 3126 561 3180 milri
581 3142 675 3183 ttamen
688 3138 740 3195 est,
755 3128 834 3197 quasi
846 3126 937 3182 dicat:
954 3125 1036 3181 dotat
1087 3124 1270 3193 efficientiam,
1285 3125 1358 3182 unde
1378 3124 1406 3179 in
1433 3122 1580 3196 Symbola:
1606 3122 1658 3188 Qui
1677 3132 1817 3192 conceptas
1838 3132 1881 3177 est
1975 3175 1976 3182 ,

245 3230 348 3270 sumus.
368 3214 474 3272 Dicitur
484 3218 565 3274 etiam
580 3227 723 3288 peccatum
745 3220 870 3286 mortale,
898 3220 970 3275 unde
997 3219 1036 3278 le·
1087 3219 1120 3274 de
1134 3217 1237 3288 Spiritu
1258 3226 1360 3283 sancto,
1385 3216 1479 3272 idest
1507 3215 1668 3271 anctoritate
1690 3214 1781 3284 operis
1812 3213 1881 3284 Spi-

246 3305 319 3375 gitur
333 3305 359 3360 in
377 3305 469 3362 llarco
486 3308 559 3377 qnod
573 3308 700 3364 Cirristns
716 3309 796 3379 ejecit
821 3324 837 3365 a
866 3308 950 3364 llaria
975 3308 1035 3363 lla·
1087 3310 1157 3365 ritus
1173 3308 1271 3366 saneti.
1286 3307 1367 3364 Notat
1380 3309 1535 3376 materiam,
1559 3308 1629 3363 unde
1651 3307 1763 3363 ibidem:
1785 3306 1881 3363 Notas

245 3396 360 3467 gdalena
385 3407 487 3468 septem
517 3399 662 3466 daemonia,
690 3399 774 3455 idest
799 3408 902 3469 septem
924 3406 1035 3468 peccata
1086 3401 1118 3456 de
1137 3400 1223 3456 llario
1235 3402 1394 3473 uispine3ct
1406 3403 1434 3456 in
1445 3401 1538 3458 Cant:
1553 3399 1627 3455 Fecit
1641 3399 1692 3453 sill
1703 3399 1834 3469 fereadum
1846 3400 1882 3456 ds

245 3491 383 3557 mortalia,
402 3491 683 3561 qnaeprorcniuntcs
699 3489 833 3544 demonis
848 3489 1034 3559 suggestione,
1086 3493 1165 3563 lipnis
1190 3493 1296 3548 Libani.
1329 3491 1412 3549 Notat
1436 3493 1581 3563 originem,
1598 3492 1672 3547 unde
1684 3491 1710 3546 in
1724 3490 1879 3563 Syrnlrolo:

245 3581 306 3640 sinc
320 3580 420 3650 quihus
434 3594 498 3634 raro
509 3589 552 3634 εει
562 3580 659 3634 mulier
673 3578 782 3633 delicati
797 3579 931 3649 corporis.
959 3578 1034 3634 Dici·
1086 3581 1170 3636 Deum
1180 3584 1212 3636 de
1226 3583 1291 3649 Deo,
1314 3582 1403 3638 lumen
1415 3582 1448 3637 de
1463 3582 1572 3638 lumine.
1587 3578 1670 3635 Norat
1693 3580 1877 3646 decisionem,
1975 3597 1976 3600 ¹

244 3680 291 3729 tter
312 3669 458 3724 manifesta
482 3678 510 3724 ει
530 3670 622 3740 gratis
638 3669 760 3737 tentatio,
775 3671 848 3726 unde
861 3670 887 3725 in
902 3669 1033 3726 Psalmo:
1086 3672 1159 3728 unde
1174 3673 1202 3727 in
1217 3671 1382 3744 Evangelio:
1398 3672 1495 3734 liumus
1509 3673 1645 3729 caedelnnt
1665 3675 1697 3729 de
1724 3672 1876 3729 ordonius.

245 3762 380 3832 ,lenpittn
397 3760 627 3828 nolonte,ete.,et
651 3762 782 3820 doemonio
805 3761 1035 3821 meridionalia
1084 3762 1167 3825 Notat
1198 3765 1396 3836 integritatem,
1425 3766 1497 3821 unde
1523 3766 1703 3836 Aprrslolus:
1741 3764 1771 3819 Si
1801 3764 1876 3818 dieat

244 3860 376 3908 notantur
386 3862 505 3924 quatuor
518 3868 618 3923 genera
634 3854 825 3910 tentationum.
838 3855 938 3926 Aperta
950 3863 978 3911 ει
995 3855 1035 3911 Ιε·
1085 3857 1306 3914 ouristNonsum
1316 3858 1349 3914 de
1359 3859 1599 3930 corpnremnnpuld
1610 3869 1706 3913 nonest
1714 3859 1746 3912 de
1755 3873 1876 3928 corpere,

244 3944 286 4000 ris
298 3959 360 4000 cum
373 3945 492 4000 dicitur:
510 3945 533 3999 Α
548 3946 650 4017 supittn
660 3946 765 4001 uolente
784 3946 880 4010 indie,
895 3946 922 4001 id
943 3945 1034 4002 catab
1085 3952 1168 4011 idest
1183 3951 1217 4006 de
1231 3951 1357 4021 corporis
1371 3951 1537 4022 integritate.
1550 3948 1634 4007 Notat
1649 3965 1803 4006 sermonem
1815 3949 1877 4005 lieri

244 4046 339 4106 aperta
351 4047 378 4092 ει
390 4037 441 4093 Ιειί
455 4038 607 4095 tentatione
645 4039 776 4108 onepotio
790 4037 990 4108 perambulante
1005 4039 1033 4093 in
1084 4042 1118 4098 de
1135 4041 1239 4112 aliquo,
1256 4042 1330 4096 unde
1349 4039 1477 4098 Girrlstus
1501 4039 1529 4098 in
1553 4040 1723 4112 Evangelio:
1743 4037 1816 4095 Unus
1840 4054 1875 4093 ex
1975 4087 1976 4090 ,

244 4126 398 4191 serietatem
407 4137 449 4184 est
458 4128 863 4195 aboecuitactleritentatione
872 4127 1032 4192 ulincursu,
1083 4133 1155 4188 uotis
1169 4149 1208 4186 me
1221 4132 1371 4187 traditurus
1384 4141 1434 4200 est,
1448 4132 1502 4187 hoc
1513 4142 1606 4188 antem
1617 4132 1686 4188 dixit
1699 4128 1877 4187 desudatio
1975 4189 1976 4208 χ

242 4222 271 4276 id
287 4229 329 4277 cst
341 4220 375 4274 ab
385 4220 492 4276 occulta
505 4221 632 4291 etgrari;
650 4230 675 4275 et
690 4220 820 4276 demonio
832 4220 990 4286 meridiano,
1005 4219 1032 4275 id
1085 4223 1367 4290 tateausamlinalem,
1381 4224 1578 4280 undeloannes
1588 4242 1595 4278 :
1605 4223 1671 4281 Gunr
1681 4223 1778 4278 uenerit
1788 4220 1878 4276 Pura«

242 4321 284 4367 est
302 4311 336 4366 ab
350 4319 443 4381 aperta
458 4318 486 4365 et
499 4310 584 4382 graui.
603 4310 708 4365 Dicitur
722 4311 804 4366 etiam
823 4309 943 4377 luxuria,
959 4312 1032 4369 unde
1048 4358 1069 4413 D
1084 4316 1179 4380 cletus,
1197 4324 1288 4385 urguet
1299 4315 1425 4370 mundum
1437 4315 1592 4386 depasente,
1604 4312 1631 4369 id
1642 4322 1683 4370 est
1694 4321 1875 4384 propeccato.

242 4405 271 4457 in
289 4400 456 4472 Evangelio:
474 4400 533 4456 llos
548 4418 628 4472 pasus
644 4402 771 4458 daemonii
784 4417 837 4457 non
851 4402 959 4471 ejicitur
977 4403 1031 4458 nisi
1083 4405 1164 4462 Notat
1173 4419 1284 4462 cansam
1297 4406 1377 4475 quasi
1387 4405 1541 4473 formalem,
1553 4402 1625 4460 unde
1637 4402 1675 4458 De
1687 4404 1764 4473 adipe
1775 4401 1876 4472 inimi·

242 4496 271 4549 in
282 4496 401 4549 oratione
415 4504 439 4550 ct
452 4494 568 4564 jejunio,
586 4504 614 4550 et
626 4494 726 4550 dieitur
749 4495 946 4566 daemomonia
962 4494 1032 4551 dissi-
1083 4495 1526 4554 tntis.Nuraterlnanltioncmrel
1537 4493 1766 4559 humiliationem,
1783 4491 1874 4547 unde:

243 4586 295 4641 cile
310 4586 425 4649 recedit,
439 4594 467 4641 et
479 4586 544 4655 qnia
572 4585 728 4656 frequenter
737 4600 785 4655 per
808 4587 879 4642 hane
904 4587 1032 4659 diabolus
1083 4588 1203 4645 Christus
1213 4587 1345 4645 descendit
1356 4588 1388 4644 de
1401 4587 1482 4643 coelis.
1494 4587 1578 4644 Notat
1590 4586 1736 4642 transitum
1750 4585 1784 4641 de
1799 4593 1874 4641 statu

241 4674 354 4745 decipit,
369 4684 395 4729 ει
407 4674 471 4744 quia
484 4673 546 4728 aliis
559 4675 632 4728 uitiis
644 4674 788 4729 materiam
800 4684 921 4745 praestat.
1082 4679 1110 4737 in
1123 4689 1235 4745 statum,
1250 4680 1322 4735 unde
1335 4680 1362 4734 in
1375 4679 1540 4751 Evangelio:
1557 4677 1642 4736 Nemo
1653 4676 1771 4733 aseendit
1783 4678 1811 4732 irs
1821 4693 1874 4731 ειε-
1975 4711 1977 4726 ι

280 4767 430 4831 Dunmnre,
444 4765 563 4836 proprie,
583 4764 715 4819 damnum
735 4764 851 4830 inlerre,
871 4766 943 4822 unde
956 4786 963 4822 :
976 4767 1031 4825 lste
1083 4773 1138 4828 lnm
1156 4773 1262 4844 nisiqui
1277 4772 1411 4827 descendit
1425 4771 1457 4826 de
1474 4771 1550 4827 coelo.

243 4856 388 4913 demantur
417 4871 493 4925 pmrrn
525 4855 690 4923 pecuniario.
715 4854 798 4912 Notat
822 4858 904 4912 etiarn
929 4869 1031 4916 aeterna
1086 4851 1212 4930 f‘*Decor‚
1236 4864 1357 4933 proprie,
1385 4864 1504 4933 dignitas
1535 4862 1710 4928 immortalis,
1737 4860 1812 4916 unde
1844 4860 1872 4916 in

242 4965 324 5020 poena
334 4948 442 5020 punire,
456 4955 485 5002 ut
499 4947 525 5000 in
540 4946 726 5017 Dueexemplo
740 4966 746 5001 z
762 4947 815 5013 Qui
826 4951 1031 5008 venistisnluare
1081 4956 1209 5012 Psalmo:
1227 4954 1355 5009 dontinus
1365 4954 1500 5024 'repentia
1515 4953 1636 5009 decorem
1658 4953 1767 5007 indutus
1779 4960 1831 5018 est,
1844 4951 1873 5010 iti

242 5041 433 5113 perditos,noli
442 5041 722 5113 damnareredemptos
731 5040 759 5095 ln
770 5059 878 5113 corpore
893 5051 917 5098 et
928 5045 1029 5100 arriano.
1082 5045 1301 5118 est'dignitatem
1330 5044 1556 5100 immortalitatis.
1583 5044 1690 5100 Dicitur
1711 5043 1818 5114 species
1845 5052 1873 5098 et

279 5133 368 5200 Dure,
383 5134 509 5204 proprie,
523 5131 645 5204 prolerre
658 5148 720 5189 cum
738 5133 873 5201 utilitate,
887 5135 959 5189 unde
975 5133 1029 5191 Da·
1082 5136 1258 5208 pulchritudo
1269 5135 1494 5202 virtutum,unde
1507 5136 1535 5190 in
1546 5133 1672 5190 Psalmo:
1685 5133 1806 5200 Domine,
1832 5134 1872 5190 di·

242 5226 288 5281 rid
303 5244 311 5280 t
325 5224 403 5280 Dedit
416 5242 502 5280 nocem
519 5213 610 5291 suum,
629 5234 700 5280 motu
717 5236 755 5281 est
772 5236 853 5282 terro.
867 5226 973 5283 Dicitur
989 5228 1032 5298 pi·
1081 5228 1135 5283 leni
1149 5227 1370 5283 decoremdomur
1385 5226 1478 5291 tamid
1491 5236 1533 5283 est
1547 5225 1872 5282 Ecclesiaeittctmrcoa·

244 5333 342 5388 gnere,
357 5314 429 5371 undo
444 5313 591 5382 loannes:
608 5314 684 5369 Sient
708 5314 787 5371 Pater
804 5316 881 5373 lrulet
906 5317 1031 5371 altamira
1082 5329 1180 5375 ventus
1194 5329 1355 5374 sanctornm
1371 5319 1419 5389 qui
1435 5328 1500 5374 sunt
1516 5317 1643 5372 diadema
1659 5314 1763 5371 Christi
1779 5325 1808 5371 et
1820 5330 1870 5370 co·

244 5407 394 5476 semetipso,
405 5407 444 5461 sie
459 5407 532 5461 dedit
545 5416 569 5462 et
583 5406 667 5472 Filio,
682 5408 709 5463 id
721 5418 762 5463 εει
773 5407 866 5479 genuit
878 5405 977 5462 Filium
989 5407 1031 5463 ui·
1081 5413 1247 5478 teutmundo
1263 5410 1365 5467 lsaias:
1380 5410 1477 5480 Repem
1500 5410 1529 5464 in
1549 5410 1642 5465 decore
1664 5425 1713 5464 suo
1735 5407 1869 5464 ridebunt.

244 5507 299 5552 tarn
322 5499 467 5555 habentem
488 5500 516 5555 in
538 5500 694 5571 semetipso.
715 5500 798 5557 Notat
818 5502 966 5557 discernere
986 5503 1031 5559 vel
1081 5500 1187 5557 Dicitur
1199 5501 1340 5568 divinitas,
1357 5502 1429 5557 unde
1445 5500 1472 5555 in
1489 5500 1579 5557 lsain:
1609 5501 1728 5556 Vidimus
1745 5517 1803 5555 nnn
1818 5516 1870 5557 non

245 5587 458 5653 sterneremus
478 5591 506 5646 in
523 5589 610 5650 Eccle.
629 5613 634 5647 :
649 5594 691 5649 Do
706 5606 794 5672 partes
809 5603 1030 5665 septemnarium
1082 5591 1217 5656 duderrtem
1229 5593 1340 5666 speeiem
1355 5608 1435 5663 aeprre
1448 5591 1576 5656 decorem,
1592 5592 1672 5650 idest
1685 5592 1870 5656 divinitatem,
