3992 6042
239 222 333 285 <tot
676 250 679 259 ι
807 236 811 245 ·
910 210 1364 278 ΔιειιιιῦΕιΙΝΒιιΙειὸω
1492 240 1499 259 r
1837 206 1895 267 m

272 347 316 393 tos
328 334 362 391 ad
373 330 524 393 Ecclesiam
534 314 605 388 etad
616 318 701 387 sitam
710 337 852 387 eternam.
864 324 971 384 Dicitur
981 341 1056 384 com·
1068 330 1092 389 ι
1104 324 1178 383 unde
1190 325 1225 379 de
1238 335 1351 394 corpore
1362 319 1475 389 Christi,
1491 318 1519 376 id
1532 325 1576 375 est
1587 317 1621 385 de
1636 315 1759 375 Ecclesia
1774 335 1782 373 ε
1795 316 1896 378 Potuit

272 442 372 494 muno,
398 424 472 482 uode
489 424 532 490 in}
544 421 643 478 codem
664 420 789 491 exemplo
812 419 866 476 alia
886 428 977 490 potest
998 418 1060 476 deri
1109 419 1257 490 troaspredi
1268 425 1294 472 et
1313 424 1617 486 aotmttrotnsprcnsttn.
1634 409 1692 468 lioc
1706 411 1779 469 enim
1791 412 1897 488 dicitur

271 519 406 590 expositio
423 516 450 577 io
466 516 540 572 hunc
560 513 672 571 modum
689 512 784 585 :Tunc
806 513 927 583 loquetur
940 511 1057 567 inimicis
1108 510 1142 569 dc
1155 510 1264 566 Christo
1287 509 1374 581 qratia
1394 507 1582 564 membrorum
1601 519 1727 562 monum.
1739 504 1898 577 Aliquando

271 611 328 664 sois
343 609 371 663 irs
383 616 478 678 porta,
501 606 585 662 idest
605 603 788 661 communiter
805 611 834 661 et
847 602 973 674 publice;
991 602 1059 675 quia
1107 610 1185 679 ¹notat
1196 601 1352 658 facilitatem
1370 600 1414 657 rel
1435 599 1623 666 habilitatem,
1638 601 1712 653 nude
1731 597 1765 654 de
1782 598 1830 654 illo
1849 598 1898 670 qui

254 697 496 770 ,portaqoodlam
506 705 705 754 communicent
717 695 994 766 enommnospateos,
1007 708 1058 766 per
1108 696 1231 768 priuatus
1252 702 1293 750 εει
1317 692 1446 764 pedibus,
1466 691 1593 763 quamvis
1618 689 1718 747 habeat
1740 692 1897 753 naturalem

271 800 379 861 portam
389 803 535 847 commune
546 786 717 859 intelligitur.
727 785 833 843 Dicitur
842 784 1058 857 judiciumque
1108 786 1257 856 ponendam
1271 784 1430 855 gradiendi,
1447 782 1549 840 dicitur
1565 802 1573 839 s
1590 779 1647 837 istc
1657 798 1710 838 aaa
1730 791 1816 853 potest
1830 799 1899 854 pra-

252 864 256 916 -’
268 882 377 952 jndices
398 879 629 937 solelnautsedere
650 878 679 956 in
699 877 799 948 portis3
815 877 888 935 unde
902 876 1057 935 Salomon:
1109 879 1211 945 di,lnic
1226 894 1281 935 nou
1298 885 1456 935 remoretur
1475 876 1610 933 naturalis
1625 876 1765 947 potentia,
1780 875 1828 932 scd
1845 876 1898 932 lra-

272 973 379 1029 Nciilis
392 974 420 1029 int
440 973 524 1044 portis
544 973 585 1027 oir
597 971 672 1042 cjtts,
692 971 719 1026 id
734 978 777 1027 est
790 968 918 1027 Christus
937 969 966 1025 in
982 969 1059 1040 judi·
1109 971 1213 1029 bilitas.
1237 970 1392 1042 Aliquando
1417 977 1494 1025 ιιοιει
1522 967 1752 1040 possibilitatem,
1779 977 1811 1025 ut
1831 984 1897 1026 cum
1981 960 1982 1021 i

272 1066 327 1123 cio.
342 1065 448 1121 Dicitur
462 1078 540 1120 amor
559 1072 729 1119 terrenorum
751 1061 795 1117 rel
817 1061 900 1119 timor
918 1060 1060 1119 amittendi
1110 1062 1209 1120 dicitur
1223 1081 1232 1118 s
1248 1062 1304 1119 lste
1315 1070 1399 1134 potest
1414 1060 1556 1127 damnari,
1567 1058 1640 1117 istud
1660 1060 1733 1115 enim
1748 1075 1827 1131 posse
1847 1075 1901 1131 po-

272 1166 397 1223 terrena,
409 1153 481 1211 unde
495 1154 530 1210 ad
541 1154 677 1211 denuoncs
691 1153 818 1224 dirigitur
832 1167 924 1209 sermo
935 1153 970 1208 ad
986 1153 1060 1208 hunc
1110 1153 1165 1213 tius
1178 1152 1311 1211 relcratur
1325 1152 1360 1208 ad
1375 1162 1502 1210 eventurn
1516 1150 1556 1206 rei
1571 1165 1654 1222 quarn
1667 1151 1703 1206 ad
1724 1166 1798 1220 rem,
1813 1162 1846 1208 ut
1861 1151 1900 1208 sit

270 1249 384 1305 nundum
399 1267 407 1305 z
421 1246 543 1303 Attollite
555 1256 662 1317 portos,
677 1246 823 1316 principes,
840 1255 956 1311 nestros,
975 1244 1062 1301 idest
1111 1260 1208 1303 sensus
1232 1263 1239 1300 :
1261 1242 1388 1300 Postilile
1404 1229 1443 1298 est
1463 1240 1540 1296 illum
1563 1242 1689 1297 domitori
1702 1241 1751 1296 toli
1772 1253 1899 1314 peccota,

273 1341 380 1397 aulerte
405 1340 532 1394 timorem
558 1345 719 1392 clamorem
733 1344 904 1391 terrenorum
918 1351 967 1406 per
990 1351 1061 1407 quos
1111 1348 1178 1408 pte,
1188 1337 1257 1410 qood
1283 1352 1335 1390 ntonn
1352 1342 1437 1406 potest
1455 1333 1585 1389 calcitrare
1607 1333 1713 1401 diciano,
1727 1334 1756 1389 id
1778 1343 1821 1391 εει
1840 1351 1898 1392 uon

270 1431 351 1495 uoltis
371 1437 447 1503 patet
469 1428 597 1485 introitus
610 1428 644 1484 ad
661 1426 808 1483 homiuem.
824 1425 928 1482 Dicitur
946 1429 1062 1484 morule
1110 1429 1200 1487 debet.
1213 1427 1366 1499 Aliquando
1384 1433 1462 1481 notat
1474 1424 1615 1490 debitum,
1639 1432 1670 1480 ut
1691 1439 1755 1481 eum
1769 1425 1897 1483 dieitur:

271 1531 435 1596 peceatum,
457 1522 530 1578 unde
555 1521 705 1577 seeundum
730 1519 811 1575 aliam
838 1520 1061 1590 expositionemt
1113 1516 1709 1592 Sacrificoseq-liesmiaonldil.Aliquando
1722 1520 1899 1589 notatpotins

271 1617 395 1673 attollite
410 1623 515 1688 portas,
536 1614 565 1669 id
577 1622 628 1679 cst,
647 1614 940 1686 ovoqlrasresiarclraa,
956 1614 1061 1671 aulcrtc
1111 1612 1298 1683 impotentiam
1310 1624 1392 1683 quam
1403 1609 1568 1681 potentiam,
1579 1614 1610 1663 ut
1623 1623 1686 1664 cum
1700 1608 1801 1665 dicittu
1817 1628 1824 1665 :
1841 1609 1899 1669 istc

271 1692 401 1766 mortalia
411 1714 522 1778 peccata
546 1705 654 1763 anobis
666 1720 715 1776 per
729 1720 791 1776 qna
803 1705 888 1761 intrat
906 1720 992 1764 mors.
1013 1706 1060 1763 Di·
1109 1715 1192 1778 potest
1204 1707 1281 1761 mori.

271 1802 344 1860 citur
365 1800 423 1857 dies
435 1798 553 1871 judicii,
569 1799 641 1855 unde
657 1806 683 1853 et
710 1799 878 1854 contincatur
895 1799 924 1853 isn
942 1806 1061 1871 portast
1111 1824 1120 1853 ι
1145 1797 1299 1865 Postulorc,
1308 1796 1430 1869 proprie.
1439 1794 1522 1853 Notat
1531 1796 1636 1865 mereti,
1644 1795 1717 1855 unde
1727 1795 1829 1853 David:
1843 1795 1900 1853 Po-

271 1908 325 1946 rtant
344 1890 568 1963 critqni'eripiot
582 1905 592 1955 ;
607 1888 672 1959 quia
695 1895 832 1945 amatores
861 1887 945 1958 hujus
967 1888 1061 1947 saculi
1110 1889 1182 1945 stolo
1201 1906 1218 1945 o
1240 1904 1294 1956 ιιι.
1326 1888 1354 1945 ιι
1374 1896 1417 1945 εει
1442 1897 1508 1947 suut
1525 1887 1610 1946 verina
1632 1886 1722 1945 Patris
1750 1888 1897 1957 altissimi3

271 1977 302 2039 in
316 1982 442 2054 praesenti
455 1979 508 2041 sita
525 1979 702 2049 superbiunt,
716 1978 763 2034 sed
779 1978 807 2033 iu
822 1979 884 2048 ipso
898 1979 975 2050 requi
984 1979 1060 2035 aditu
1110 1981 1202 2050 alili,
1211 1994 1322 2038 carnem
1334 1979 1510 2047 assumendo,
1521 1978 1661 2050 patiendo,
1670 1977 1810 2047 moriendo
1821 1980 1899 2052 apud

272 2083 373 2135 aetcrna
386 2072 621 2129 animaduersione
633 2071 774 2127 ferientur.
783 2070 888 2127 Dicitur
896 2071 968 2128 Dona
978 2071 1061 2141 actio,
1110 2091 1177 2142 me,
1191 2082 1216 2129 st
1235 2072 1303 2127 dolo
1331 2072 1380 2127 tili
1403 2079 1501 2142 pentes.
1524 2069 1606 2127 Notat
1629 2069 1719 2128 lacere
1736 2072 1901 2143 postolare.

271 2165 345 2222 unde
359 2163 410 2220 loli
425 2164 452 2220 in
467 2177 585 2234 persona
599 2160 727 2219 Ecclesia
742 2180 749 2216 r
766 2160 879 2228 Quaado
889 2163 1061 2234 procedebam
1111 2167 1185 2223 unde
1199 2163 1235 2220 de
1255 2162 1358 2235 Spiritu
1373 2171 1468 2219 sancto
1478 2161 1518 2218 ait
1532 2162 1680 2233 Apostolus
1692 2164 1766 2235 quod
1778 2161 1900 2236 postulat

273 2257 309 2311 od
325 2265 430 2327 portonnt
444 2255 572 2319 ciuitatis,
602 2254 630 2307 ia
654 2252 741 2323 pluteo
759 2253 886 2322 porclnam
910 2256 1061 2311 cotmdrom
1110 2276 1158 2330 pro
1172 2256 1247 2312 audis
1260 2256 1399 2328 pemililnus
1414 2253 1655 2322 iactnorroiiiiinns,
1670 2255 1698 2312 id
1711 2264 1753 2313 est
1764 2256 1829 2311 iacit
1844 2271 1900 2312 nus

273 2348 349 2402 milri.
382 2345 482 2401 Sancta
506 2345 579 2399 enim
600 2342 722 2399 Ecclesia
752 2344 788 2400 ad
813 2344 931 2400 civitatis
954 2352 1061 2415 portam
1111 2346 1900 2421 postularalloutnummamnaturamcoristiDeoPstri

272 2439 405 2509 procedit,
417 2438 443 2492 id
455 2445 497 2492 cst
512 2434 615 2491 sanctis
625 2450 655 2490 se
666 2435 821 2492 actionibus
837 2445 948 2493 exercet
960 2444 990 2492 ut
1013 2437 1062 2492 ad·
1112 2451 1318 2512 representare,
1330 2437 1404 2494 unde
1417 2436 1545 2494 Christus
1559 2437 1659 2495 dicitur
1680 2453 1730 2508 pro
1748 2437 1828 2493 nuliis
1846 2453 1900 2510 po·

272 2531 341 2587 itum
369 2526 445 2598 regni
468 2524 589 2589 coelestis,
606 2523 746 2594 pereipiat.
759 2523 863 2582 Dicitur
880 2525 1060 2597 praedicator,
1110 2533 1294 2604 stulareapud
1310 2529 1436 2595 Patrem,
1452 2529 1480 2585 id
1493 2536 1535 2585 est
1559 2529 1708 2586 humanam
1728 2538 1854 2586 naturam
1868 2539 1900 2587 et

273 2622 348 2679 unde
361 2621 459 2691 legitur
472 2618 615 2675 duodecim
631 2615 716 2673 ιειεεε
727 2627 819 2688 portas
837 2615 1001 2678 ierusalem.
1016 2619 1061 2675 Di·
1110 2642 1142 2682 ea
1163 2640 1224 2697 quae
1238 2625 1323 2698 gessit
1337 2623 1365 2678 in
1382 2623 1502 2701 nomana
1516 2629 1614 2677 natura
1631 2621 1687 2679 Deo
1700 2619 1774 2677 Patri
1794 2636 1899 2692 reprae-

274 2716 346 2772 citnr
370 2726 468 2769 sensus
488 2709 627 2780 corporis,
652 2708 723 2764 unde
750 2707 857 2764 Dauid:
877 2708 929 2775 Qoi
956 2710 1060 2793 ecoltos
1111 2727 1232 2784 saumas
1248 2725 1285 2773 ut
1291 2715 1379 2773 nostri
1393 2713 1565 2771 misereatur.
1578 2712 1788 2785 Notasecipem
1799 2728 1901 2770 soeun-

272 2820 316 2861 mc
335 2804 369 2859 de
390 2801 597 2874 pontisarensis,
627 2799 765 2871 idestqui
781 2800 936 2856 liberaum
963 2802 1060 2872 atrap-
1109 2810 1340 2881 dumquodsolct
1359 2806 1437 2864 dici:
1452 2805 1549 2862 ilarito
1567 2806 1645 2863 istius
1657 2805 1899 2921 pottulmuutpnt-

270 2896 361 2970 petitu
394 2905 564 2950 terrenorum
594 2893 667 2949 cirea
704 2908 765 2964 quae
793 2902 937 2949 vertuntur
961 2909 1061 2951 sensus
1112 2904 1212 2969 piatos
1225 2900 1439 2974 idastexignnt.

226 3058 230 3068 .
271 3001 409 3058 corporei
421 2985 643 3048 chlilll'vil'ills.
655 2984 729 3040 undu
741 2982 893 3041 Palmisla:
911 2983 1061 3040 Ulunnutt-
1076 3031 1098 3089 c
1151 2996 1258 3062 Potare
1270 2994 1391 3070 proprie,
1391 2992 1483 3050 'Nom
1497 2993 1620 3050 dqqtnna
1646 2991 1874 3060 pefloepffiundp,
1864 3009 1899 3047 pn

270 3082 337 3135 niem
351 3094 439 3133 omines
458 3076 625 3131 laudationes
647 3085 709 3130 taos
723 3077 751 3133 t'a
773 3079 874 3147 portis,
888 3087 961 3144 etc,
979 3077 1007 3133 id
1021 3092 1065 3152 esp
1115 3088 1163 3146 nb,
1180 3086 1345 3160 sppiemiaeg
1360 3085 1479 3155 citam,
1493 3095 1559 3156 Μ,
1572 3096 1598 3143 03
1616 3102 1685 3158 titt
1698 3086 1834 3157 „pompm
1847 3103 1899 3142 m.

274 3172 329 3228 iilis
355 3170 401 3242 qul
431 3169 512 3241 posili
526 3178 589 3225 suut
608 3168 814 3236 invirtutibus,
830 3177 1064 3241 quaesunlporlae
1113 3179 1209 3235 lutaris
1231 3179 1331 3251 pptahit
1354 3178 1442 3235 ilium,
1469 3176 1553 3234 Notat
1576 3179 1784 3235 amaritudinem
1802 3194 1901 3248 prava

268 3264 339 3337 plica
359 3262 441 3331 Siost,
467 3262 493 3317 id
515 3271 558 3317 est
581 3259 722 3317 Ecclesiae.
741 3258 846 3316 Dicitur
861 3269 1064 3327 sacramentum
1113 3273 1213 3329 mensis
1238 3271 1321 3327 alicui
1340 3270 1448 3336 offerre,
1472 3270 1544 3325 uude
1565 3269 1697 3339 propheta
1719 3269 1747 3324 in
1774 3284 1899 3340 persona

267 3354 507 3420 ecclesiasticum,
531 3354 604 3409 unde
628 3353 756 3425 praedicta
780 3354 931 3409 auctoritas
947 3353 975 3408 inr
989 3352 1064 3408 hunc
1113 3361 1214 3419 Christi
1228 3361 1382 3417 :neppam
1398 3361 1425 3416 ta
1434 3358 1520 3415 iscam
1533 3374 1616 3414 mam
1634 3357 1680 3428 pal,
1693 3368 1718 3414 et
1731 3359 1759 3414 iss
1773 3359 1820 3414 ειη·
1834 3374 1900 3414 Μ

272 3447 387 3503 modum
401 3446 500 3515 exponi
515 3454 624 3516 potest:
641 3443 675 3500 llt
690 3446 842 3500 oanmttiem
858 3460 945 3499 omines
967 3443 1065 3498 loudo-
1112 3463 1266 3526 pomparum
1283 3469 1324 3509 me
1337 3463 1421 3509 mio,

245 3599 252 3611 ,
269 3542 357 3597 tiones
370 3540 472 3595 toasinn
486 3540 586 3606 portis,
602 3537 686 3594 idest
698 3536 823 3592 lideliltus
837 3536 865 3591 in
885 3538 1063 3594 armamentis
1147 3545 1279 3612 Potestas,
1300 3552 1414 3615 potam
1429 3543 1501 3599 undo
1513 3539 1659 3613 Apostolos
1673 3559 1683 3597 2
1698 3539 1752 3607 Qui
1771 3543 1898 3613 potants·

274 3628 471 3687 ecclesiasticis
496 3628 664 3684 ⁰⁰¹¹ffl¹⁰fi⁸0
689 3626 794 3684 Dicitur
817 3635 938 3698 D⁰l⁸⁸¹²⁵
958 3629 1062 3686 dimili
1112 3638 1229 3705 resistit,
1252 3636 1302 3691 Dei
1319 3635 1482 3692 ordinationi
1504 3634 1613 3689 resistit.
1635 3632 1742 3690 Dicitur
1759 3635 1896 3706 potentia,

273 3737 328 3791 que
355 3717 493 3775 detinebat
522 3718 644 3788 captivos
667 3718 695 3774 in
720 3718 844 3787 innlcnno,
871 3718 945 3775 undc
972 3720 1062 3794 ampeli
1111 3725 1386 3798 qoaaliqulspotest;
1410 3722 1484 3779 unde
1497 3722 1525 3778 iu
1537 3720 1684 3795 Evangelio
1698 3740 1707 3778 :
1721 3720 1813 3780 Nescis
1830 3725 1896 3796 quis

273 3812 457 3885 pnaecedeutes
465 3811 586 3866 animam
596 3808 700 3869 Christi
713 3811 747 3866 ad
756 3810 860 3867 inferos
872 3812 1061 3883 introducunt,
1111 3802 1265 3888 potatorem
1274 3814 1356 3870 incito
1368 3814 1501 3869 dimittere
1513 3821 1547 3868 te.
1563 3812 1667 3869 Dicitur
1678 3814 1764 3885 qratia
1774 3828 1835 3884 qun
1847 3814 1895 3869 in·

274 3906 396 3963 dicentes
417 3903 466 3962 :D
490 3920 539 3961 ros
568 3903 706 3976 principes
732 3903 925 3972 tenebrarum,
947 3905 1062 3962 attollite
1110 3906 1380 3978 lormatpotestatcm
1393 3903 1514 3961 hominis
1527 3902 1806 3975 adbeueaqcudum,
1820 3904 1895 3961 uada

272 4006 381 4063 ocrim,
399 3992 546 4066 prisciaci,
568 4001 683 4060 nestros,
705 3993 734 4049 id
754 4003 798 4052 est
822 3992 928 4051 auferte
948 4011 965 4051 a
984 3995 1061 4053 voltis
1109 3997 1249 4055 ioannes:
1265 3996 1397 4069 Quotquot
1410 4004 1498 4051 outcm
1523 4004 1672 4066 receperunt
1686 4011 1745 4050 cuttt
1766 3995 1837 4050 dedit
1851 3997 1894 4053 cis

267 4095 436 4159 ‚potetatem
460 4085 599 4142 detinendi
623 4086 746 4156 captivos
771 4086 802 4143 in
820 4084 937 4145 inlenno.
955 4087 1060 4145 Dicitur
1109 4098 1274 4161 potestatem.
1295 4087 1398 4145 Dicitur
1417 4085 1536 4156 potentia
1551 4085 1739 4153 dinina,undc
1756 4084 1783 4138 in
1800 4083 1895 4165 Esau·

268 4179 365 4238 adius
377 4177 519 4251 paradisi,
534 4176 607 4234 unde
621 4178 709 4249 ampeli
722 4179 906 4249 praecedentes
919 4177 1059 4235 Christum
1109 4183 1180 4255 pelio
1193 4201 1200 4238 :
1215 4181 1286 4237 Doto
1307 4191 1348 4236 est
1371 4179 1435 4234 anilii
1449 4180 1534 4235 omnnia
1555 4187 1682 4249 potestas.
1705 4178 1805 4253 Dicitur
1818 4179 1894 4236 ordo

268 4270 481 4329 ‚descendentem
489 4269 523 4325 de
537 4268 618 4336 coelo,
631 4269 760 4325 dixerunt
775 4288 783 4325 ι
796 4269 831 4324 ιι
841 4270 990 4338 cenomani,
1001 4287 1060 4342 por-
1109 4273 1265 4346 angelicus,
1284 4272 1356 4329 unde
1378 4272 1478 4328 dieitur
1497 4271 1666 4342 prinncipatus
1690 4280 1719 4328 et
1731 4279 1891 4342 munitates.

267 4373 310 4417 ,tos
320 4358 469 4427 otomatis,
485 4374 510 4415 en
525 4359 643 4417 introibit
659 4359 715 4419 lieo
725 4360 835 4432 plorioe,
852 4361 879 4416 id
892 4371 935 4418 εει
948 4370 1058 4433 pateam
1072 4377 1095 4433 p
1109 4364 1213 4423 Dicitur
1236 4364 1376 4438 diabulus,
1404 4362 1476 4419 unde
1496 4362 1642 4433 Apostolus
1658 4380 1666 4416 ι
1680 4360 1740 4416 Non
1761 4372 1800 4417 tat
1816 4363 1892 4418 sodis

274 4453 366 4510 adstas
381 4451 502 4523 paradisi
516 4450 625 4527 Cisristo
648 4453 833 4511 descendenti.
857 4454 960 4511 Dicitur
973 4456 1057 4512 etiam
1106 4456 1259 4512 colluctatio
1273 4463 1376 4511 tontum
1386 4454 1510 4509 aduersus
1528 4469 1643 4521 conum,
1653 4453 1729 4509 idest
1741 4460 1894 4525 palmulas

273 4544 433 4610 lnaereticus,
462 4543 558 4599 uude:
574 4542 665 4599 Portu
689 4545 787 4616 inferni
806 4561 858 4601 torn
880 4547 1058 4617 prestetum
1106 4548 1181 4604 aeris
1196 4548 1290 4618 hujus.

273 4634 397 4688 odocnsnts
412 4632 760 4701 commendacionem.
784 4636 889 4693 Dicitur
900 4636 983 4710 Virgo
998 4637 1058 4710 glo·
1144 4639 1240 4696 Ponant.
1263 4638 1367 4696 Dicitur
1386 4637 1543 4710 temporalis
1567 4637 1739 4708 jucunditas,
1764 4636 1835 4694 unndc
1861 4636 1893 4694 iu

272 4724 363 4792 riosa,
377 4725 450 4780 unde
462 4725 489 4779 in
504 4723 598 4780 Exodo
614 4744 621 4780 s
638 4726 703 4781 iloec
714 4738 791 4798 porto
803 4727 906 4783 clauso.
1109 4731 1194 4789 David
1209 4750 1217 4787 ε
1233 4730 1268 4785 Et
1285 4740 1374 4804 potum
1390 4747 1475 4786 atreum
1487 4746 1547 4785 cum
1563 4731 1628 4798 palu
1648 4728 1799 4784 miscebam.
1813 4727 1893 4786 Diei·

303 4815 1061 4894 Portare,proprie.llotatconncipcre‚undeiuliraugelio:
1109 4832 1155 4880 tur
1176 4837 1253 4879 sacra
1269 4820 1425 4892 Scriptura,
1448 4820 1519 4876 unde
1537 4817 1687 4875 secundum
1708 4819 1788 4874 aliano
1803 4832 1893 4889 erpo·

271 4908 370 4971 Beatus
389 4908 537 4978 scaterptti
554 4910 720 4979 reportavit.
739 4908 961 4984 Notatconapoti,
983 4919 1055 4974 unde
1104 4913 1233 4971 sitientem
1264 4910 1322 4966 lnaec
1352 4911 1501 4968 auctoritas
1519 4918 1609 4980 potest
1629 4908 1742 4980 intelligi
1766 4907 1893 4963 :Potum

220 5022 222 5026 ⁴
269 4998 419 5071 Apostolus
435 5015 442 5055 t
456 4996 531 5052 Alter
544 4996 654 5053 ollarios
667 5015 748 5056 oacro
758 5012 875 5072 portate,
891 5004 918 5059 id
932 5013 975 5075 pst
985 5008 1055 5064 alter
1106 5020 1209 5071 meum,
1237 5001 1265 5058 id
1297 5010 1340 5081 cst
1377 5016 1484 5059 sacram
1521 4999 1790 5073 §cripturamque
1815 5001 1892 5055 anti·

269 5092 386 5149 ¹alterius
398 5091 603 5161 compatiamini
617 5093 828 5153 infirmitatibus.
841 5096 921 5156 llotat
935 5100 1053 5170 imitari,
1105 5095 1373 5167 quaerendarum
1406 5094 1471 5163 picto
1506 5092 1671 5159 miscebam,
1704 5101 1757 5149 etc.
1784 5091 1893 5147 Dicitur

271 5177 344 5236 unde
363 5180 511 5252 Apostolus
533 5182 657 5254 praecipit
677 5184 733 5241 illis
758 5186 858 5258 quihus
889 5189 994 5256 scnilnit,
1024 5177 1055 5244 ut
1105 5185 1218 5257 sanguis
1233 5183 1335 5240 Christi
1355 5181 1505 5239 materialis
1527 5190 1555 5238 ει
1578 5180 1743 5252 spiritualis,
1764 5182 1838 5238 unde
1863 5183 1892 5237 iu

269 5281 381 5348 portent
396 5273 536 5330 Christum
549 5274 701 5347 incorpore
718 5293 785 5347 suo,
801 5279 829 5335 id
852 5280 1053 5342 assimilentur
1104 5274 1251 5348 Evangelio
1271 5274 1362 5330 :Coro
1389 5289 1447 5328 mco
1473 5290 1530 5329 nere
1559 5282 1598 5328 cst
1618 5271 1709 5341 citos,
1732 5285 1757 5327 et
1778 5275 1894 5343 mappis

269 5379 334 5422 unm
347 5364 377 5419 in
391 5363 727 5440 afflictionibuscorporis.
1103 5379 1193 5440 potus.
1217 5368 1322 5426 Dicitur
1346 5366 1437 5422 minor
1460 5364 1597 5428 doctrina,
1621 5364 1693 5421 unde
1715 5363 1893 5437 Apostolus:

305 5452 388 5509 Posse
397 5453 544 5525 aliquando
554 5464 630 5513 uolat
647 5459 795 5529 potentiam
810 5462 937 5532 qusquis
948 5471 1054 5533 potest,
1109 5460 1162 5516 Loc
1177 5459 1246 5516 coiis
1271 5469 1362 5531 potum
1376 5458 1449 5527 dcdi,
1464 5474 1516 5513 aco
1529 5472 1626 5512 cacam.

308 5606 364 5676 ’,ιιι
379 5608 448 5677 Quid
463 5608 606 5669 sibinelinnt
622 5617 702 5673 rerba
722 5617 790 5680 laec,
821 5628 848 5671 ct
873 5612 1010 5687 quomodo
1026 5616 1058 5674 ani
1072 5631 1165 5674 nocero
1184 5631 1259 5687 posse
1278 5621 1410 5687 spectent,
1429 5626 1485 5669 nou
1499 5609 1639 5670 ridemus.
