3992 6042
29 294 32 441 i

143 279 196 335 sut
490 284 492 293 ‘
749 276 850 331 ituutt
871 275 1146 334 rsnsuouundtt.

963 389 973 441 i
993 397 1092 453 torum,
1109 386 1192 442 curiit
1216 400 1434 458 etsemretperm
1451 386 1564 452 mendis,
1588 387 1645 441 ittto
1669 387 1762 454 etiem,

968 404 990 510 l

137 399 181 456 εει
190 385 353 510 neptiyentio
368 386 603 460 typoprophorttm
615 402 661 442 teu
674 402 852 442 correctorem
871 396 897 441 et
919 403 963 442 ser

1711 277 1767 335 tm

28 516 30 539 l
136 473 250 528 quornm
273 475 317 512 om
330 460 479 514 temeritate
493 470 540 512 εει
556 458 720 527 ipnoruntt'm
735 457 870 511 hincinde
886 458 966 510 nottni
976 459 1007 511 tit
1022 458 1149 520 niteretur,
1164 467 1253 510 tonmn
1269 455 1361 510 seditio
1374 455 1474 510 colluto
1488 458 1523 510 ud
1546 457 1668 520 innitent,
1691 467 1715 511 et
1727 459 1763 512 ad

28 550 29 581 t
137 527 357 595 trtrtt'puisst‘mtrm
373 544 422 582 mr.
442 527 613 582 Bibliotheetr
636 525 729 581 Sancti
755 525 866 586 Martini
888 525 1002 580 Tornori
1016 527 1097 598 (quod
1120 525 1320 594 perhumaniter
1346 525 1413 579 mihi
1443 526 1565 580 suintitit
1588 524 1619 578 tt.
1638 525 1762 580 dontinus

28 604 29 639 f
137 595 268 664 AEpidins
283 596 320 650 dtr
335 596 449 662 Qnesrte,
461 597 579 665 ejusdem
590 595 700 650 oenotri
715 594 950 664 Bibliotheenritts)
964 612 1052 651 terem
1066 605 1091 648 et
1106 597 1246 677 penninum
1261 592 1397 648 lectionem
1417 595 1666 655 subministrarunt.
1682 611 1764 665 qnam

137 665 183 718 irie
192 664 301 719 exhibeo
318 666 469 720 :odnotato
484 677 572 719 temen
585 665 612 718 in
629 666 758 735 merpine.
773 665 893 719 iectionis
902 667 1030 719 serictate
1042 666 1218 733 pittrtmorttm
1230 664 1379 730 uerltornm,
1390 674 1414 718 et
1426 664 1616 720 ttonnniIorrtm
1628 679 1763 733 verentem,

137 733 186 788 tthi
196 736 344 804 presertim
354 745 467 808 tetreque
478 736 556 791 lectio
567 735 714 804 perfeetum
727 733 845 806 aliquem
858 751 965 789 tensum
978 735 1101 788 adrnittt't
1119 734 1189 805 (bip

1343 802 1374 857 F.
1389 801 1513 859 Cincius
1524 820 1558 859 us
1575 796 1656 859 Vtscn

1364 892 1444 947 Prior
1461 893 1601 948 Dunettsis.

177 1038 236 1124 (32)
249 1052 409 1109 Lectionum
420 1063 549 1124 preterea
562 1056 732 1123 varietatem,
744 1069 826 1127 quant
849 1067 883 1109 ex
908 1056 1002 1111 codice
1025 1053 1233 1110 llelrnstodiensi
1249 1053 1327 1109 short
1339 1052 1472 1126 leyserus
1488 1054 1515 1109 iu
1538 1013 1661 1108 lilstmio
1671 1060 1763 1123 potem

139 1134 201 1177 rum
216 1123 294 1178 metiit
323 1125 371 1178 teri
385 1122 469 1196 tllalae
482 1124 618 1197 urguere,
636 1125 715 1193 titt,
730 1127 811 1197 inti),
827 1142 889 1199 pag.
901 1124 981 1191 1061,
994 1126 1196 1181 adnotavimus.
1210 1124 1278 1179 liotr
1291 1123 1377 1179 Ptrn.

1569 1319 1752 1350 Η

605 1506 787 1604 tinnit
832 1515 1296 1612 Puuuuouuttun·

394 1858 510 1916 CAPUT
522 1850 669 1916 inuuunt.

134 1947 273 2010 hPhoebo
286 1953 391 2013 Phoebe
400 1955 494 2013 lumen
506 1957 597 2029 capit3
612 1972 628 2011 a
643 1956 765 2028 sapiente

171 2041 305 2115 iusipiens
316 2047 340 2078 ¹¹
351 2062 473 2115 sensnm,
489 2063 544 2118 quo
557 2048 635 2119 qnasi
650 2048 710 2104 luce
721 2046 814 2101 micet.

131 2127 179 2186 llil
195 2133 269 2189 aliud
285 2134 338 2190 nisi
352 2136 375 2167 ¹¹
389 2151 419 2192 se
432 2137 504 2192 valet
519 2137 620 2192 ardens
632 2135 735 2191 AEtitna
747 2150 886 2202 eremare;

174 2216 221 2275 Sic
234 2235 274 2290 se,
287 2236 341 2280 nort
353 2223 433 2292 ulios,
451 2225 560 2281 invidus
572 2225 634 2297 igne
648 2227 750 2295 coquit.

131 2310 191 2366 Sus
203 2311 237 2367 de
250 2314 331 2369 sorde
344 2314 426 2384 levat,
442 2317 538 2373 saltem
552 2318 618 2373 dum
630 2317 734 2390 colligit
748 2332 837 2383 escas,

171 2398 229 2455 Cur
242 2415 383 2471 nunquam
403 2407 491 2478 surgit
509 2406 590 2462 sorde
601 2407 711 2464 uolutus
723 2407 828 2463 lromul

132 2480 250 2548 Utribus
265 2494 386 2565 antiqnis
401 2496 493 2551 tinum
507 2500 678 2554 committere
694 2498 761 2565 noli,

171 2577 228 2636 Nec
239 2582 352 2640 senibus
366 2598 479 2643 sensum
495 2603 577 2658 quem
591 2589 711 2645 retinere
728 2588 805 2646 reiis.

132 2666 238 2726 Nititur
253 2672 280 2727 iu
296 2674 409 2731 vetitum
422 2678 496 2747 quod
512 2678 539 2734 in
555 2694 636 2750 agros
649 2677 750 2734 detinet
760 2694 854 2750 equor
869 2698 877 2735 t

173 2761 218 2817 Sic
233 2762 284 2819 init
295 2764 430 2835 illicitum,
442 2784 525 2840 quam
536 2768 591 2825 cito
601 2779 697 2838 peccat
711 2770 806 2825 homo.

131 2850 217 2925 622
232 2853 347 2912 Stultior
358 2869 402 2914 est
422 2860 517 2928 stulto,
533 2860 580 2931 qui
594 2860 707 2916 maudut
725 2860 847 2916 balsama
867 2861 922 2917 eti·

812 2951 886 3024 lbro,

171 3035 206 3093 Et
219 3041 309 3100 verbis
322 3044 403 3114 pleno
415 3043 499 3101 uerba
511 3044 625 3101 tacenda
640 3043 710 3099 tiro.

133 3128 214 3201 Saepe
228 3132 358 3190 tiatorem
372 3150 443 3192 nort
455 3150 510 3192 uon
521 3149 600 3193 retus
614 3134 706 3191 orbita
717 3131 796 3201 fallit,

171 3218 219 3277 Sic
232 3225 325 3282 socius
336 3226 453 3295 socium,
471 3241 528 3283 non
541 3234 632 3294 retus,
648 3225 705 3282 imo
716 3241 813 3281 notus.

132 3307 195 3365 lion
208 3321 251 3369 est
262 3314 290 3368 itt
305 3315 417 3386 speculo
431 3330 550 3388 resque
564 3316 722 3387 speculatur
735 3314 762 3370 iu
776 3314 842 3382 illo;

169 3400 279 3459 Eminet
292 3406 325 3473 ¹¹,
338 3415 364 3462 et
378 3423 433 3463 non
448 3416 490 3464 est
502 3408 529 3464 in
542 3410 656 3464 muliere
666 3406 743 3463 tides.

133 3486 164 3544 ln
178 3491 271 3559 sterili,
280 3493 387 3548 steriles
398 3501 520 3550 aratrum
532 3493 598 3551 lecit
613 3510 713 3567 aggere
724 3494 836 3561 sulcos;

170 3580 204 3637 Et
215 3582 293 3639 labor
307 3584 335 3638 iu
349 3585 458 3640 miseris
467 3593 510 3641 est
520 3586 578 3642 sine
589 3586 668 3657 lruge
679 3586 792 3642 scholis.

134 3670 174 3728 lle
190 3671 312 3728 minimis
330 3674 424 3744 grauis
437 3672 467 3728 tit
483 3673 595 3746 grandis
614 3673 638 3706 ¹¹
654 3689 762 3730 summa
782 3675 919 3733 cabellis:

170 3761 209 3820 lie
222 3764 352 3821 brevibus
365 3764 483 3832 mendis,
496 3780 551 3820 nou
566 3763 671 3820 reniale
684 3764 786 3819 trinium

133 3854 195 3914 Non
213 3859 266 3915 sihi
278 3859 326 3916 sed
342 3859 457 3930 reliquis
468 3859 541 3916 aries
555 3875 605 3916 sua
618 3859 719 3915 telleru
732 3867 840 3931 portat,

171 3946 218 4005 Sic
231 3950 293 4007 eliis
306 3950 366 4007 unit
385 3966 493 4022 semper
506 3967 607 4009 aratus
620 3967 696 4023 opes.

133 4036 194 4098 Non
209 4044 272 4100 nelli
286 4044 383 4102 leniter
393 4046 465 4102 rulet
481 4061 553 4102 unco
566 4048 641 4118 quod
653 4057 726 4104 tenet
739 4048 799 4118 iiie;

171 4131 228 4191 dec
238 4151 276 4193 aes
290 4151 307 4193 a
321 4136 413 4194 loculo
430 4153 513 4210 quem
526 4145 600 4195 tenet
614 4146 691 4194 areta
705 4154 804 4197 manus
815 4141 849 4196 ¹¹.

135 4223 207 4281 illie
222 4227 289 4284 titis
302 4229 434 4300 pincerna
444 4238 533 4301 potest
543 4231 664 4303 praebere
679 4231 796 4303 lyaeum;

169 4315 269 4374 Pocula
284 4317 415 4375 doctrine
429 4320 554 4390 pluribus
566 4336 637 4377 uuus
651 4321 744 4379 bomo.

134 4404 240 4476 decipit
252 4415 434 4489 etnunqusm
449 4409 537 4465 reddit
552 4423 627 4464 mere
650 4409 741 4482 Seyiln
761 4421 918 4483 receptum

169 4497 216 4553 Sic
230 4498 304 4569 cepit
317 4510 344 4554 ει
358 4498 458 4555 retinet
473 4499 581 4555 debitor
595 4514 649 4556 sera
664 4500 764 4556 mulus.

1011 1847 1078 1912 Post
1088 1855 1259 1924 inimicitius,
1272 1855 1373 1913 clarior
1387 1865 1428 1913 est
1439 1866 1466 1914 ει
1477 1865 1564 1914 emor.
1580 1872 1583 1879 ’

974 1936 1099 2000 Loricam
1112 1944 1208 2000 durem
1223 1955 1339 2017 possunt
1355 1956 1497 2017 penetrare
1511 1947 1627 2020 sagitte,

1009 2031 1042 2087 Ει
1051 2033 1215 2089 corderisus
1225 2034 1248 2066 ¹¹
1261 2042 1288 2089 et
1303 2036 1375 2091 mula
1388 2036 1471 2091 terim
1486 2052 1588 2092 meum.

972 2123 1101 2179 Firmiter
1114 2124 1142 2179 in
1155 2133 1235 2194 portu
1247 2140 1365 2197 puppem
1382 2134 1456 2181 tenet
1469 2126 1590 2183 anchora
1606 2132 1712 2195 morsu,

1009 2213 1054 2270 Sic
1065 2215 1091 2270 in
1106 2216 1245 2286 proposito
1259 2231 1322 2286 spes
1332 2228 1390 2273 rata
1404 2218 1486 2275 eorda
1498 2227 1580 2275 tenet.

973 2302 1111 2361 Subtrelte
1121 2304 1194 2376 ligna
1207 2302 1279 2373 loco,
1293 2306 1316 2361 si
1336 2306 1377 2363 tis
1388 2309 1563 2379 exstinguere
1574 2307 1719 2379 dammas;

1008 2394 1037 2452 Si
1048 2396 1141 2452 retnis
1158 2404 1259 2461 motus,
1270 2397 1336 2463 orie,
1350 2396 1423 2465 rina,
1437 2399 1532 2468 dapes.

971 2487 1041 2559 ilipa
1057 2496 1173 2544 retentat
1190 2503 1277 2559 squas
1290 2489 1389 2561 pelagi,
1406 2505 1440 2545 ne
1451 2491 1548 2563 migret
1560 2492 1589 2547 ln
1600 2506 1676 2558 trrt.

986 2605 988 2609 ·
1007 2579 1041 2635 Et
1053 2581 1076 2612 ¹¹
1091 2587 1166 2636 tenet
1179 2581 1244 2636 irati
1261 2580 1339 2637 irena
1354 2580 1478 2638 modesta
1490 2598 1600 2641 nutrius.

973 2670 1050 2743 stipe
1064 2670 1210 2728 cicatrices
1220 2672 1249 2726 iu
1261 2671 1374 2727 vulnera
1387 2673 1478 2743 prisea
1496 2686 1654 2746 resurgunt,

1006 2762 1048 2817 Ad
1062 2764 1134 2819 maia
1149 2761 1220 2819 lactu
1237 2761 1356 2834 suigerus
1370 2764 1440 2818 mule
1458 2778 1524 2820 suna
1539 2767 1617 2822 redit.¹

971 2854 1137 2926 metantes
1152 2854 1243 2911 ticina
1255 2868 1333 2910 rosas
1349 2856 1437 2910 urtica
1450 2859 1565 2926 perurit,

1009 2949 1055 3006 Sic
1071 2951 1162 3019 iustos
1175 2965 1284 3021 semper
1296 2950 1387 3006 turbat
1401 2950 1513 3023 iniquus
1526 2953 1618 3010 botrio.

971 3038 1001 3097 ln
1016 3042 1094 3112 pelea
1107 3043 1172 3097 dum
1186 3040 1380 3111 prandissent,
1396 3042 1538 3100 immunda
1552 3044 1689 3113 videniur,

1008 3133 1042 3188 Et
1055 3133 1079 3166 ⁸¹
1091 3133 1190 3189 similis
1203 3134 1307 3204 pratis,
1323 3133 1370 3203 (lui
1386 3145 1480 3190 manet
1492 3135 1565 3192 inter
1582 3151 1643 3194 eos.

938 3215 1076 3281 Rictibus
1088 3223 1224 3280 undarum
1238 3238 1319 3293 rupes
1330 3224 1443 3279 immota
1458 3225 1571 3290 resistit,

1009 3314 1043 3371 Et
1054 3316 1146 3373 bonus
1157 3316 1277 3372 assiduis
1290 3313 1419 3371 ductibus
1433 3314 1509 3371 orbis
1524 3314 1557 3383 ¹¹,
1570 3314 1663 3373 hemo.

972 3407 1072 3464 blobile
1085 3423 1147 3465 cum
1160 3418 1242 3463 rento
1252 3406 1348 3463 lulium
1360 3407 1435 3462 rolat
1449 3407 1548 3463 arbore
1561 3417 1687 3479 raptttm3

1009 3496 1056 3555 Sic
1070 3513 1149 3554 tuens
1163 3496 1299 3554 instabilis
1312 3512 1421 3568 semper
1441 3505 1471 3552 ut
1484 3513 1554 3553 sure
1571 3498 1656 3554 volet.

973 3589 1080 3646 Stultus
1094 3589 1140 3659 qni
1153 3602 1270 3660 puppem
1287 3589 1347 3644 sine
1360 3589 1465 3658 remipe
1475 3588 1552 3644 ducit
1567 3589 1595 3645 in
1609 3590 1715 3658 situum

1007 3676 1088 3752 423
1102 3677 1206 3735 [lisine
1223 3677 1346 3733 subsidio
1360 3677 1407 3748 otti
1422 3693 1505 3750 grate
1518 3680 1602 3735 sumit
1613 3695 1695 3737 ortus.

972 3767 1025 3824 Per
1038 3770 1146 3842 patulas
1159 3768 1244 3825 rimas
1258 3768 1299 3825 sol
1311 3768 1406 3825 lucens
1421 3769 1506 3825 intrat
1518 3770 1545 3824 in
1555 3771 1652 3838 edem,

1007 3859 1097 3915 Corda
1110 3874 1158 3930 per
1172 3858 1312 3914 auriculas
1328 3860 1428 3931 dogma
1439 3861 1564 3917 docentis
1576 3862 1638 3917 init.

973 3949 1111 4006 hiultotics
1125 3957 1236 4021 captum
1252 3949 1337 4005 trehit
1358 3950 1457 4007 hernus
1471 3953 1506 4007 ub
1521 3968 1631 4023 aequiore
1643 3953 1758 4027 piscem

1008 4041 1061 4098 Sed
1075 4041 1146 4098 bone
1161 4039 1242 4094 rerba
1254 4040 1319 4094 muli
1334 4039 1426 4096 nullus
1440 4041 1476 4096 ab
1490 4052 1538 4121 ore
1552 4045 1647 4102 trabit.

971 4126 1109 4199 Pauperat
1118 4134 1146 4182 ει
1158 4126 1226 4182 ditat
1240 4124 1263 4158 ⁸¹
1277 4126 1394 4181 talorum
1407 4127 1518 4184 casibus
1531 4128 1616 4184 ullum
1631 4130 1654 4163 ¹¹

1006 4220 1072 4276 tiles
1088 4236 1096 4273 r
1110 4218 1157 4276 sed
1174 4217 1272 4273 multet
1287 4216 1311 4249 ¹¹
1327 4226 1356 4272 ut
1367 4233 1446 4290 mape
1457 4218 1504 4274 det
1518 4218 1626 4291 inops.··

971 4311 1107 4369 distincti
1119 4312 1227 4367 cineres
1241 4311 1334 4367 nitent
1346 4309 1370 4365 si
1381 4308 1513 4379 sulphure
1527 4321 1624 4381 tangas
1634 4312 1659 4345 ⁸¹

1008 4406 1054 4462 Sic
1067 4413 1145 4461 retus
1155 4403 1279 4475 apposita
1295 4411 1385 4458 mento
1398 4403 1511 4459 calescit
1527 4416 1615 4460 amor.

972 4500 1037 4554 bite
1049 4495 1202 4569 Charybdis
1213 4510 1299 4566 aquas
1314 4494 1382 4550 bibit
1394 4502 1422 4550 et
1435 4494 1518 4550 vomit
1529 4496 1659 4553 outnibus
1672 4497 1758 4569 horim

134 4584 194 4642 h'ou
207 4588 302 4645 leviter
314 4589 391 4647 corio
402 4591 480 4647 cattis
490 4591 664 4647 abstrahetur
680 4593 715 4660 eb
727 4602 809 4649 uncto
820 4594 863 4647 ¹¹:
933 4559 955 4614 ⁰
1008 4588 1054 4645 Sic
1064 4588 1122 4652 det,
1136 4586 1177 4642 sie
1191 4585 1281 4643 aufert
1294 4600 1356 4642 sors
1371 4600 1420 4642 sut
1434 4585 1507 4640 dona
1522 4584 1598 4641 tirls.

169 4678 225 4738 Nec
241 4682 342 4739 nebulo
356 4682 445 4749 diseo,
461 4683 526 4738 dum
538 4684 655 4740 satiatur
665 4698 709 4740 eo.

135 4769 194 4830 Sub
207 4773 284 4831 mulli
305 4784 417 4848 pastore
428 4785 506 4832 eteat
517 4774 641 4832 ¹¹leuem
659 4775 740 4848 lupus
756 4793 763 4831 :
779 4785 804 4831 et
820 4794 883 4850 grex

169 4863 355 4925 incustoditus
371 4867 538 4925 dilaceratur
550 4881 594 4924 eo.

132 4957 243 5018 clarior
256 4969 300 5019 est
311 4962 404 5032 solito,
415 4971 477 5035 post
490 4961 584 5018 nubila
600 4959 718 5033 plurime
732 4961 767 5029 ¹¹,
789 4960 920 5029 luobus.

971 4681 1089 4738 Currere
1107 4677 1181 4748 cogit
1194 4692 1295 4747 equum
1315 4676 1367 4733 sub
1381 4676 1466 4733 milite
1480 4676 1570 4733 calcar
1582 4687 1703 4744 acutum,

1009 4770 1043 4826 lh
1055 4783 1170 4842 puerum
1184 4767 1275 4825 studio
1292 4766 1367 4839 virga
1384 4782 1484 4823 taeare
1493 4781 1555 4823 suo.

970 4863 1032 4920 hon
1046 4876 1154 4931 semper
1166 4860 1236 4931 petit
1250 4861 1307 4932 ipse
1324 4874 1375 4916 sua
1388 4859 1436 4931 qui
1450 4859 1562 4927 novitas
1573 4874 1641 4915 aurs
1650 4858 1686 4926 ¹¹,

1007 4950 1063 5009 Nee
1076 4950 1119 5006 tir
1132 4950 1179 5021 qui
1193 4949 1302 5021 propris
1314 4949 1413 5022 degere
1428 4948 1510 5005 debet
1521 4963 1583 5019 ope.

769 5112 886 5171 buitim
905 5105 1108 5168 luctuosius,

185 5275 209 5308 ¹¹
226 5273 318 5330 Editio
344 5272 529 5331 ludunensis
550 5274 700 5331 annithdl
728 5272 801 5344 lepis,
824 5270 969 5341 Incipiens.
1020 5269 1042 5302 ¹¹
1071 5266 1124 5324 lis.
1160 5281 1255 5337 quemi
1302 5266 1325 5297 ¹¹
1346 5263 1466 5329 Ennium.
1489 5263 1524 5345 'iti
1554 5269 1604 5343 est,
1632 5269 1755 5332 apparet.

131 5344 299 5401 ¹¹llatime.
340 5346 363 5377 ¹⁸
401 5341 1011 5446 ceresaloculompnemntatntsarctoiiget.
1060 5338 1083 5370 ¹¹
1106 5336 1404 5392 Exterrebituruncto.
1451 5330 1673 5387 ”trierttoedst
1691 5330 1757 5387 uso

130 5417 260 5471 editiones
271 5417 415 5486 impresse,
425 5415 527 5486 lepnnt,
540 5431 568 5471 ra
589 5417 620 5471 it.

130 5486 294 5554 euntpiuritt
318 5485 418 5556 tepent,
440 5494 492 5541 est.
533 5433 589 5542 ⁸¹ss

663 5413 817 5469 'dissitum
863 5410 886 5442 ¹⁸
901 5410 946 5466 Sic
957 5408 1137 5468 corderlsum.
1175 5408 1198 5438 ¹¹
1212 5407 1272 5460 Duo
1283 5404 1444 5469 esentpiarir
1457 5403 1620 5467 trahent‚ste.
1658 5400 1757 5456 ”Alia

591 5483 672 5541 tuuis
724 5483 746 5516 ¹¹
760 5483 868 5538 biritat.
917 5480 941 5512 ⁸⁸
963 5479 1026 5535 diis
1052 5478 1152 5549 tepent,
1176 5474 1305 5547 Ulpium,
1320 5473 1366 5545 qni
1382 5471 1494 5543 Ulpium,
1506 5472 1614 5527 celebris
1625 5471 1689 5526 olim
1704 5472 1756 5539 [nit

131 5556 205 5610 intur
216 5555 349 5617 oleerttm,
373 5556 419 5625 qui
440 5565 546 5625 propter
560 5556 658 5620 issent,
672 5571 709 5610 ste
727 5571 741 5609 e
765 5562 823 5608 erat
838 5553 921 5619 dites,
935 5553 981 5606 sed
991 5550 1088 5619 sepius
1102 5563 1211 5675 penger.
1250 5546 1274 5579 ⁸¹
1293 5543 1380 5610 Vetat,
1396 5543 1475 5599 idest
1488 5543 1605 5599 ordinat.
1618 5542 1662 5597 rii.
1678 5542 1754 5598 titur.

133 5625 257 5685 ¹⁸Pottas
274 5624 406 5697 sulphure
424 5627 526 5685 rireut.
575 5625 598 5658 ¹⁸
611 5624 674 5680 illie
717 5641 749 5681 tto
769 5621 932 5696 exemplario
953 5622 991 5679 ric
1011 5618 1135 5677 trient:

132 5711 182 5752 tut·
183 5710 210 5754 1.

6 5964 425 5999 ¹———---„a-ffi

1178 5631 1213 5676 on
1228 5615 1300 5689 perit
1317 5614 1376 5687 ipse
1392 5629 1441 5672 sus
1455 5613 1564 5687 propris
1584 5611 1632 5685 qui
1648 5611 1759 5687 antipae
