3992 6042
123 221 182 286 aaa
498 222 762 281 utsmrtcutouus
780 221 969 281 ulcrloutttt
989 215 1115 280 rneeess
1134 250 1171 264 -
1187 220 1332 281 seo-stt
1699 218 1752 284 Dii

129 352 176 399 tur
187 339 286 411 aliquls
300 328 462 410 spiritualis,
477 338 550 395 unde
564 338 600 395 ab
611 334 742 410 Apostoln
757 338 913 409 euangelica
929 345 949 396 h
963 337 997 392 de
1011 338 1039 392 iu
1054 335 1134 392 Cant.
1152 354 1160 391 2
1177 334 1259 391 Soror
1278 352 1336 391 mea
1350 348 1457 407 marusa.
1473 334 1505 391 Et
1517 336 1583 391 alibi
1596 355 1603 392 ε
1617 335 1754 410 Tanquam

129 433 174 488 let
189 431 292 487 dicitur
305 429 430 501 spiritus,
450 428 478 484 id
495 436 539 485 cst
555 429 726 499 spiritualis:
746 438 773 484 et
793 428 821 482 in
839 427 918 484 Psul·
969 443 1065 498 spuma
1081 427 1195 482 ornarit.
1211 425 1312 481 Fidelis
1332 427 1422 481 anima
1435 427 1516 482 etiam
1539 427 1565 481 in
1586 443 1664 485 saera
1677 428 1757 486 Seri·

130 535 176 577 me
194 539 202 576 ε
220 518 273 586 Qui
284 519 350 590 {usit
361 520 467 591 angelus
482 535 545 574 aaut
564 520 687 588 spiritns,
707 520 772 591 qnia
791 518 919 575 Christus
969 530 1049 592 ptura
1064 520 1165 576 dicitur
1176 518 1334 588 frequenter
1349 532 1449 588 sponsa
1463 516 1576 575 Christi.

130 609 397 682 lacitpradicatorcs
422 624 489 665 suos
503 610 630 680 spiritus,
648 609 676 665 id
692 618 736 665 est
748 611 917 680 spirituales.
1006 612 1104 683 Sparta
1118 612 1219 668 dicitur
1238 626 1287 666 aas
1308 612 1381 680 rpuod
1396 610 1552 668 contexitur
1564 628 1597 669 ct
1617 613 1706 684 palma
1727 623 1755 671 et

131 701 238 758 Dicitur
254 701 347 757 diuina
362 700 518 771 inspiratio,
540 700 613 755 unde
628 700 730 756 dicitur
741 700 775 755 de
791 699 919 755 Simeoue
967 706 1062 777 iunco.
1076 705 1148 760 unde
1162 705 1189 758 in
1204 702 1351 772 Erarrgelia
1362 703 1434 772 aliod
1446 703 1572 774 discipuli
1590 706 1754 762 sustulerunt

128 792 157 848 iu
171 791 245 848 Luca
257 792 331 862 quod
344 792 414 847 ierat
425 791 452 846 iu
462 789 561 860 spiritu
577 790 604 844 in
619 791 762 859 tenrplum,
778 790 804 844 id
822 798 864 846 est
877 790 919 845 di·
968 806 1067 867 septem
1088 804 1202 865 sportas.
1218 793 1323 849 Dicitur
1342 793 1425 848 bursa
1439 834 1446 857 ,
1462 795 1534 849 unde
1545 795 1572 849 in
1588 796 1634 851 lib.
1649 795 1751 868 Regum

127 882 191 937 vina
203 882 384 952 inspiratione
393 882 503 937 ductus.
514 879 619 936 Dicitur
627 881 778 950 spiritualis
791 883 917 949 intentio,
969 888 1079 944 uitSaul
1091 886 1191 942 :Panis
1200 885 1288 956 deficit
1297 886 1323 939 in
1333 885 1451 940 sitarciis
1462 887 1560 941 nostras
1574 888 1754 958 etspnrtttlam

129 974 202 1030 uude
220 972 361 1029 loannes:
379 972 454 1028 Venit
466 974 532 1027 bara
556 982 581 1028 et
602 989 672 1028 trane
682 985 721 1027 est
743 974 849 1045 anurnio
868 975 918 1029 riri
969 997 1021 1036 nan
1035 979 1170 1046 habemus,
1184 978 1211 1034 id
1224 988 1266 1033 est
1275 979 1377 1048 aliquid
1390 978 1417 1032 in
1430 979 1552 1047 sportula
1563 980 1606 1034 rcl
1619 981 1646 1036 in
1657 982 1752 1042 bursa.

129 1068 283 1122 moratores
303 1065 453 1121 adorabunt
473 1064 583 1120 Patrem
604 1066 633 1119 in
648 1067 745 1137 spiritu
759 1076 784 1120 et
799 1067 918 1139 caritate,
1006 1069 1120 1140 Spurius
1141 1068 1243 1124 dicitur
1257 1068 1329 1124 lilius
1348 1068 1498 1124 meretricis
1513 1078 1623 1139 propter
1634 1070 1754 1128 immun·

129 1157 156 1213 id
171 1167 213 1214 est
229 1159 367 1230 spirituali
385 1159 576 1215 intentioneet
588 1175 638 1230 pro
655 1159 728 1216 veris
748 1167 777 1215 ct
796 1159 917 1215 uterinis.
969 1161 1064 1218 ditiam
1081 1158 1284 1230 generationis,
1306 1157 1378 1212 unde
1400 1158 1469 1214 solet
1488 1157 1547 1214 lieri
1568 1158 1706 1216 distinctio
1725 1162 1753 1217 in

128 1247 234 1305 Dicitur
248 1249 422 1313 homo,unde
434 1249 565 1319 propbeta
574 1248 705 1305 Daridait
713 1250 786 1320 qtiod
795 1248 872 1304 hama
880 1256 918 1303 est
969 1250 1104 1321 spurium,
1118 1249 1271 1321 hybridam,
1285 1263 1438 1303 manserem
1449 1256 1476 1303 ct
1494 1249 1619 1304 uotlrum.
1634 1247 1754 1322 Hybrida

128 1340 238 1409 spiritus
253 1340 349 1394 radent
374 1348 399 1393 et
419 1355 472 1393 nnn
494 1340 608 1396 rediens.
629 1337 733 1394 Dicitur
747 1337 830 1403 Deus,
846 1339 919 1394 unde
968 1341 1070 1396 dicitur
1086 1340 1133 1410 qul
1148 1340 1271 1395 irascitur
1291 1355 1324 1394 er
1345 1340 1456 1411 ignobili
1473 1346 1570 1395 matre.
1585 1338 1693 1398 Nutltus
1706 1342 1755 1414 qui

127 1427 268 1486 loannes:
283 1428 400 1500 Spiritus
416 1441 455 1486 est
476 1430 559 1486 Deus.
575 1429 680 1487 Dicitur
699 1430 751 1497 ira,
774 1432 847 1486 unde
866 1431 919 1485 Da-
968 1432 1002 1486 de
1017 1431 1150 1486 adulterio
1165 1432 1298 1498 nascitur,
1313 1430 1347 1486 de
1362 1447 1418 1501 quo
1432 1433 1574 1503 ignoratur
1588 1432 1667 1503 cujus
1681 1431 1755 1489 filius

128 1523 174 1579 rid
187 1542 194 1578 t
208 1522 241 1578 la
262 1524 359 1595 spiritu
380 1524 523 1579 uehementi
548 1534 664 1579 cauteres
689 1540 767 1578 nares
791 1522 918 1588 Tlnarsis,⁸
968 1522 1004 1576 ιῗι
1017 1521 1087 1577 sicut
1099 1521 1199 1575 dicitur
1211 1520 1293 1576 notha
1306 1520 1374 1575 labri
1389 1521 1431 1577 vel
1451 1523 1689 1577 uomenrrothum.
1708 1520 1756 1577 Di·

129 1617 182 1671 hec
196 1616 341 1684 exponitur
352 1615 379 1670 in
394 1614 501 1671 lierode
514 1615 562 1686 qui
575 1616 686 1671 rediens
699 1631 715 1671 a
734 1617 820 1671 ltoma
833 1625 859 1670 et
874 1616 916 1669 in·
968 1613 1040 1666 citur
1050 1611 1198 1668 surculosa
1207 1611 1296 1667 radice
1312 1611 1434 1668 interiori
1447 1622 1508 1683 post
1521 1613 1695 1681 incisionem,
1706 1615 1755 1687 qui

127 1705 241 1761 veniens
255 1720 338 1761 nares
351 1707 379 1760 ln
393 1704 507 1761 Tharsis
520 1720 570 1776 per
585 1722 655 1777 quas
663 1706 828 1762 transierant
843 1709 914 1780 magi
931 1672 952 1727 Β
967 1703 1170 1772 quodammodo
1182 1703 1296 1759 adulteri
1306 1704 1408 1760 nullius
1420 1713 1461 1760 est
1470 1713 1497 1759 cl
1510 1714 1609 1776 ptaetcr
1622 1705 1755 1762 rationem

127 1796 155 1852 ln
176 1796 331 1852 uehementi
346 1796 387 1852 ira
402 1794 553 1851 combussit
572 1810 630 1850 eas.
651 1794 756 1851 Dicitur
776 1798 915 1866 superbia,
968 1796 1071 1850 surctrli
1081 1803 1172 1859 uatus,
1183 1796 1254 1851 narde
1265 1795 1363 1868 legitur
1373 1796 1400 1850 in
1411 1797 1481 1853 libro
1489 1795 1635 1867 Sapientia.
1646 1796 1756 1868 :Sparta

127 1885 200 1941 unde
215 1886 242 1941 iu
257 1885 428 1956 Evangelio:
449 1884 528 1939 Beati
545 1901 673 1956 pauperes
695 1887 793 1955 spiritu
810 1898 835 1940 et
847 1887 917 1942 beati
967 1886 1125 1941 vitulamina
1136 1903 1188 1941 nan
1209 1887 1308 1941 dabant
1323 1887 1393 1943 altat
1410 1889 1521 1944 radtces.
1539 1887 1643 1945 {lamus
1659 1890 1757 1960 praal-

127 1976 171 2047 qut
182 1976 310 2030 immarus
320 1985 381 2029 suut
396 1974 557 2044 nauperbia,
575 1976 601 2029 id
616 1985 657 2030 cst
672 1976 800 2031 humiles.
814 1976 918 2033 Dicitur
967 1988 1030 2033 ctus
1045 1978 1193 2034 vitulamen
1205 1979 1306 2034 dicitur
1318 1990 1429 2050 propter
1446 1996 1546 2035 noram
1563 1982 1754 2052 propaginem,

126 2078 235 2133 uentus,
243 2065 643 2123 undeinGenes.:liacordatua
651 2077 690 2121 est
698 2066 766 2121 Deus
776 2066 916 2133 Nae,ete.,
967 2081 995 2125 et
1007 2070 1143 2138 spurium,
1158 2070 1222 2140 quia
1237 2081 1319 2126 natus
1338 2081 1437 2141 prater
1461 2072 1651 2127 rationabilem
1662 2074 1704 2128 tul
1714 2088 1758 2128 ur·

127 2160 241 2215 adclusit
270 2160 395 2230 spiritum
421 2168 612 2227 superterram
639 2168 664 2212 ct
689 2158 829 2214 diminuta
855 2169 916 2213 sarit
968 2162 1105 2219 titicialem
1120 2161 1210 2215 trunci
1226 2161 1268 2216 vel
1286 2161 1390 2216 surculi
1415 2162 1646 2231 cunjunctionem.
1668 2162 1755 2219 Prata

127 2259 214 2324 agua.
240 2251 345 2306 Dicitur
370 2250 486 2321 quaestio
506 2249 660 2314 rationalis,
684 2265 746 2320 aare
770 2251 859 2306 oritur
882 2267 916 2306 ex
967 2259 1049 2309 etlam
1064 2254 1194 2325 cogitatio
1207 2261 1234 2307 et
1248 2252 1402 2307 adulterina
1416 2252 1540 2322 spurium
1552 2251 1698 2308 vitulamen
1714 2252 1757 2309 di·

126 2341 378 2407 ratinnehuminis;
392 2340 464 2395 unde
475 2340 573 2410 legitur
583 2340 656 2410 quod
667 2341 761 2411 regina
776 2339 859 2406 Saba,
872 2343 915 2397 cui
967 2346 1049 2410 citur,
1065 2343 1138 2398 unde
1154 2343 1282 2413 predicta
1296 2344 1446 2398 auctoritas
1467 2343 1508 2399 sic
1524 2352 1614 2413 potest
1626 2344 1726 2415 exponi
1744 2361 1753 2401 t

127 2434 259 2492 Salomon
274 2433 356 2489 soluit
371 2445 468 2487 omues
480 2431 658 2503 quaestiones,
668 2446 722 2487 nou
740 2432 859 2488 habebat
875 2436 917 2489 ul·
968 2432 1067 2502 spuria
1085 2431 1265 2497 vitulamina,
1278 2433 1304 2487 id
1320 2440 1362 2487 est
1383 2446 1476 2503 praua
1495 2432 1678 2504 cogitationes
1697 2450 1755 2491 nou

126 2524 408 2598 nuspharmitos
422 2523 601 2594 ouaestiouem
615 2539 698 2594 quam
712 2536 805 2595 posset
818 2526 842 2580 ei
853 2543 916 2596 pru·
967 2523 1069 2579 lacieut
1081 2523 1187 2580 tructus
1203 2523 1294 2579 utiles.

126 2630 240 2690 ponere.
250 2616 355 2674 Dicitur
363 2615 612 2688 Spiritussanctus,
620 2616 692 2672 unde
704 2616 731 2671 in
747 2616 915 2689 Evangelio:
1002 2612 1142 2670 Stabulum
1156 2614 1275 2684 proprie.
1296 2611 1399 2668 Dicitur
1414 2610 1555 2681 Ecclesia,
1570 2613 1616 2670 ubl
1628 2615 1757 2672 rclleiun·

130 2710 280 2765 Ductorem
295 2709 374 2766 lesus
390 2710 418 2763 in
435 2709 568 2764 desertum
585 2709 726 2778 aspiritn.
747 2709 851 2765 Dicitur
866 2712 916 2766 do·
967 2716 1013 2761 tur
1037 2706 1165 2760 arrinralia
1179 2704 1295 2770 Christi,
1311 2704 1337 2760 id
1353 2714 1395 2760 est
1409 2703 1521 2773 fideles,
1538 2707 1610 2761 uude
1626 2706 1653 2761 in
1664 2704 1757 2763 Emu-

127 2817 193 2857 uum
210 2801 365 2857 collatuma
377 2799 481 2871 Spiritu
494 2814 606 2869 sancto;
626 2800 697 2856 unde
708 2799 794 2856 isaias
808 2818 814 2856 :
827 2801 862 2856 Et
875 2820 916 2858 re·
966 2798 1038 2869 gello
1062 2815 1069 2852 ε
1091 2797 1127 2851 Et
1149 2798 1284 2866 turparem
1307 2797 1471 2851 unlneratum
1490 2798 1517 2852 in
1534 2796 1684 2866 jumentam
1705 2797 1757 2852 aa·

127 2895 241 2968 quiescet
258 2909 338 2963 saper
350 2910 409 2948 eam
427 2894 540 2963 spiritus
551 2894 704 2964 sapientia,
716 2893 743 2948 id
758 2903 800 2950 est
811 2897 913 2951 danum
965 2891 1006 2942 ait
1018 2890 1046 2942 ia
1056 2886 1200 2953 stabulum,
1212 2888 1276 2958 quia
1288 2888 1425 2943 bominem
1438 2887 1516 2943 duruit
1529 2887 1654 2944 Cirristus
1668 2889 1694 2942 in
1706 2886 1757 2945 Ec-

128 2986 269 3057 sapientia
288 2984 416 3040 collatum
433 3000 448 3039 a
464 2984 577 3056 Spiritu.
597 2982 702 3039 Dicitur
719 2986 837 3041 mortale
852 3001 914 3055 pee-
931 3009 952 3065 c
970 2980 1095 3044 clesiam,
1109 2987 1138 3033 et
1151 2978 1313 3044 stabulario,
1329 2979 1356 3034 id
1369 2980 1539 3050 estpraelato,
1551 2979 1698 3035 conimisit.
1711 2979 1758 3035 Di·

128 3085 221 3133 entum
237 3075 363 3146 aspiritu
376 3076 498 3146 maligno
510 3083 685 3145 suggestum
700 3076 773 3131 unde
789 3076 817 3131 in
829 3076 919 3132 Bran·
969 3070 1043 3124 citur
1058 3069 1197 3133 muudus,
1213 3068 1240 3123 itt
1256 3086 1312 3140 uuo
1325 3080 1389 3126 sunt
1403 3071 1556 3140 uoluptates
1568 3069 1643 3124 uelut
1654 3070 1757 3137 hunus,

127 3167 199 3239 gello
213 3166 313 3247 legitur
325 3166 359 3222 (le
374 3166 485 3221 diabolo
504 3167 578 3236 quad
596 3170 710 3222 assumit
723 3176 822 3237 septem
837 3169 916 3237 alias,
969 3163 1043 3218 unde
1067 3161 1251 3217 Cassiodorus
1263 3163 1360 3217 sinetur
1376 3181 1383 3217 ε
1400 3161 1491 3217 illucet
1511 3179 1606 3216 amara
1617 3162 1688 3216 Deus
1701 3203 1709 3228 ,
1723 3178 1757 3218 ne

128 3260 155 3317 id
166 3269 208 3317 est
223 3258 326 3329 septem
339 3258 466 3315 mortalia
478 3266 600 3328 peccata.
970 3253 997 3308 in
1011 3253 1053 3308 ria
1070 3269 1195 3308 amemus
1209 3252 1346 3309 stabulum
1361 3268 1412 3324 pro
1422 3254 1515 3309 domu.

163 3350 285 3422 Spoliare
299 3351 418 3421 proprie.
431 3348 513 3405 Notat
536 3350 667 3416 liberare,
686 3353 759 3409 unde
778 3354 805 3409 tn
821 3353 917 3411 capri.
1005 3342 1130 3399 Stadium
1141 3344 1250 3416 proprie
1262 3343 1366 3401 dicitur
1382 3345 1501 3415 spatium
1525 3342 1591 3398 illud
1605 3343 1696 3415 inquio
1707 3343 1758 3398 ali·

127 3442 192 3499 cis:
211 3439 397 3511 Speliaaerunt
409 3457 449 3498 nte
467 3442 558 3495 tanica
579 3458 647 3498 nna.
660 3441 766 3500 Tunica
788 3446 918 3502 dicuntur
968 3437 1016 3507 qui
1030 3446 1155 3501 currunt,
1172 3445 1203 3491 ut
1216 3449 1423 3507 0⁰¹¹5⁰ll¹¹³¹¹ll¹l
1435 3435 1557 3491 limium
1572 3477 1580 3502 ι
1597 3434 1624 3490 id
1635 3443 1677 3490 0⁸2
1695 3448 1758 3490 θυι·

127 3532 305 3603 temporalia,
333 3546 380 3586 seu
415 3545 494 3585 autor
515 3532 708 3601 temporalium
735 3550 751 3589 a
772 3551 829 3605 qun
853 3552 918 3592 sun·
968 3544 1018 3584 sus
1033 3528 1185 3600 praemium.
1200 3526 1304 3583 Dicitur
1318 3537 1406 3584 status
1424 3528 1485 3582 ritae
1507 3526 1649 3597 praesentis
1663 3526 1758 3597 inquo

127 3620 165 3676 cti
189 3618 381 3690 predicatores
405 3619 526 3675 liberant
542 3620 648 3679 lldelem
673 3625 815 3693 populum.
836 3623 918 3681 Notat
968 3623 1004 3678 ita
1020 3622 1150 3677 debemus
1174 3635 1221 3691 per
1247 3619 1347 3676 borram
1371 3618 1558 3690 operationem
1581 3633 1712 3687 currere,
1728 3626 1759 3673 ut

126 3710 255 3782 impedire
277 3725 311 3766 nc
331 3710 432 3781 aliquis
459 3712 559 3768 habeat
574 3713 600 3770 id
616 3713 650 3770 ad
667 3715 740 3785 quod
761 3716 917 3772 habendum
967 3708 1234 3779 comprehendamus
1260 3708 1384 3763 bravium
1412 3717 1521 3763 aterna
1557 3706 1756 3774 beatitudinis,

127 3812 241 3877 paratus
256 3811 308 3869 est,
324 3802 396 3858 unde
409 3802 509 3874 legitur
528 3805 555 3859 in
577 3803 725 3877 Evangelio
745 3807 819 3876 quod
833 3806 918 3863 latre·
969 3801 1041 3855 uude
1051 3798 1153 3854 Paulus
1163 3816 1169 3853 :
1180 3797 1309 3853 lastadio
1321 3798 1613 3869 quidemcnrrunt,sea
1630 3814 1698 3852 nnus
1711 3813 1758 3853 aa·

125 3913 187 3966 ues,
193 3897 221 3954 id
234 3906 277 3954 est
286 3897 434 3964 daemones,
448 3896 586 3952 hominem
601 3898 810 3955 descendentem
824 3901 859 3955 ab
872 3899 917 3956 le·
967 3889 1032 3959 cipit
1048 3888 1178 3953 bfllflllh
1194 3896 1247 3943 e¹⁰·

126 3989 247 4046 rusalcm
264 3988 291 4044 in
303 3985 424 4055 iericho,
440 3987 518 4059 qrrasi
532 3988 647 4045 Arlarna
663 3997 736 4045 statu
752 3989 917 4047 innocentia
1003 3979 1135 4051 Stagnum
1154 3978 1264 4049 proprie
1278 3976 1379 4032 dicitur
1392 3978 1543 4034 metallum.
1560 3978 1668 4034 Dicitur
1680 3978 1758 4037 lacus

127 4082 155 4139 iu
167 4091 268 4140 statum
278 4081 375 4153 culpe.
389 4082 577 4154 spoliaverunt
590 4082 729 4152 gratuitis,
744 4081 770 4137 id
782 4082 918 4154 estimpc-
967 4088 1066 4144 allum,
1089 4071 1194 4128 scillcet
1212 4069 1372 4126 ῑῐῦῐῐῑθῑιῑῑῑὸ·
1388 4069 1494 4126 Dillius
1509 4086 1581 4141 aqua
1605 4071 1757 4142 baptismi,

127 4172 237 4229 dierunt
260 4188 308 4244 per
331 4180 472 4242 peccatum
488 4188 523 4228 ne
548 4173 660 4228 haberet
673 4173 790 4245 gratuita
806 4175 839 4229 ad
853 4189 915 4244 qum
967 4162 1041 4220 uude
1064 4164 1148 4220 Dauid
1171 4182 1178 4219 t
1194 4164 1247 4229 Qui
1261 4164 1390 4217 conuertit
1405 4172 1506 4233 petram
1520 4164 1548 4218 in
1562 4174 1657 4235 stagnea
1672 4182 1758 4236 apua·

128 4263 253 4320 habenda
269 4274 381 4333 paratus
392 4272 461 4319 erat.
967 4273 1047 4323 mm,
1062 4255 1089 4311 id
1110 4264 1153 4311 est
1172 4255 1241 4310 dura
1264 4254 1346 4309 corda
1361 4252 1519 4310 iudeorum
1534 4253 1568 4308 ad
1584 4270 1684 4325 aquam
1708 4257 1758 4310 ba·

164 4353 285 4425 Spatium
296 4354 415 4424 proprie.
432 4352 536 4409 Dicitur
559 4364 710 4411 canerentur
725 4354 846 4411 fidelium
868 4371 917 4427 pop
931 4329 953 4384 Ῑ)
967 4346 1073 4419 ptismi.
1090 4343 1194 4401 Dicitur
1208 4345 1342 4401 duerrturn
1358 4346 1509 4411 doctrinae,
1526 4348 1598 4402 unde
1613 4348 1654 4402 sic
1666 4356 1757 4416 potest

127 4444 268 4503 Christum
281 4460 296 4499 a
309 4453 442 4516 potestate
457 4444 591 4501 dauronis
603 4446 735 4503 liberatus
750 4466 757 4515 ;
776 4447 848 4504 uude
865 4447 916 4504 Da·
966 4433 1065 4505 0¹D⁰¹li
1075 4435 1204 4504 Ιπῖθᾰῑθῑι
1216 4435 1368 4490 ³⁰⁰¹⁰fili³
1382 4451 1390 4487 ²
1404 4434 1533 4491 Chlisllss
1547 4435 1601 4491 luit
1612 4435 1692 4508 (limi
1708 4451 1757 4506 pc·

126 4539 173 4593 vid
189 4555 197 4592 ε
214 4535 316 4607 Speciei
329 4536 423 4591 damas
435 4536 552 4592 diuidere
563 4538 649 4608 spolia
661 4579 669 4605 ,
681 4539 753 4595 unde
765 4542 791 4595 in
805 4541 916 4595 benedi·
967 4535 1009 4582 ¹¹²
1031 4534 1058 4581 ‘l
1072 4539 1155 4595 ¹⁰D0⁵
1180 4533 1327 4596 amquam
1352 4525 1478 4582 fidelibus
1502 4527 1621 4598 illelmi
1647 4542 1754 4582 “leiim

127 4628 369 4695 ctionibuslacob,
383 4628 470 4699 gratia
483 4627 572 4695 Pauli,
590 4629 636 4700 qui
648 4629 788 4686 descendit
800 4632 834 4687 de
846 4631 917 4686 Beu·
967 4616 1137 4689 scripturam
1151 4657 1160 4683 s
1175 4617 1222 4671 Μ
1237 4626 1382 4689 postquam
1406 4618 1513 4688 aperuit
1539 4618 1681 4690 di⁸⁰59¹¹¹5⁵
1699 4619 1757 4675 ⁵⁰⁵⁸

123 4719 212 4790 jamin
223 4721 300 4792 tuph,
315 4735 419 4791 rapae,
436 4736 512 4775 mam
533 4722 669 4775 comeum
682 4721 800 4791 prasinam
812 4762 820 4785 ‚
833 4729 858 4775 ιι
875 4738 916 4776 pe.
966 4719 1126 4777 sensum,ut
1137 4709 1319 4782 intelligerent
1330 4708 1495 4781 Scripturas,
1505 4725 1602 4768 tersius
1614 4720 1656 4766 cst
1665 4713 1691 4765 in
1700 4721 1757 4767 sta·

128 4826 201 4880 spere
214 4811 331 4866 alstanus
341 4811 427 4881 spolia
441 4852 449 4878 ,
463 4811 527 4881 quia
544 4812 824 4882 perpendicularem
838 4812 914 4867 pann
966 4819 1019 4876 gna
1036 4819 1181 4874 auctarum.
1198 4803 1304 4860 Dicitur
1319 4803 1465 4859 simulatur
1476 4805 1645 4867 sanctitatis,
1657 4818 1756 4858 secun-

128 4901 224 4957 multis
239 4902 372 4972 spoliatus
386 4913 429 4960 est
447 4903 594 4969 diabolus,
613 4902 743 4958 dicuntur
762 4902 799 4957 illi
815 4904 915 4975 quibus
965 4897 1030 4952 dum
1046 4895 1119 4967 quod
1133 4906 1259 4966 stagnum
1271 4896 1372 4952 dicitur
1389 4896 1528 4951 metallum
1540 4937 1548 4960 t
1561 4896 1633 4951 unde
1645 4894 1671 4948 5¹¹
1689 4892 1757 4948 Εἰθ-

128 4992 257 5049 diabolus
281 4993 409 5063 spoliarit
435 4994 600 5061 Ecclesiam3
624 4994 697 5049 uude
723 4996 848 5052 dicitur:
870 4995 916 5053 να»
965 4984 1754 5058 cbieleDominusexprobratlsracliticepopulo,dicens:

126 5083 303 5153 Aeserninum
312 5084 411 5155 [ureris
425 5087 511 5151 mei..,
524 5085 560 5140 aa
569 5094 669 5156 gerulam
678 5086 914 5156 [allacemmittnm
972 5077 1052 5135 Vella
1066 5090 1105 5134 etl
1116 5079 1181 5133 milli
1193 5079 1278 5135 stilti
1289 5080 1317 5133 ia
1330 5081 1454 5146 tramant,
1465 5095 1501 5133 (θ’
1514 5088 1539 5132 0⁸
1553 5086 1686 5146 stagnum,
1699 5077 1755 5146 [er-

126 5190 197 5241 eum,
211 5186 236 5229 et
252 5184 345 5229 carrtra
359 5176 483 5246 populum
493 5177 593 5245 [uraris
605 5177 655 5230 ntei
672 5177 803 5231 mandabo
817 5178 870 5245 illi,
883 5188 913 5232 ut
964 5191 1024 5229 ram
1039 5173 1208 5245 eljplrtmbam
1222 5175 1247 5229 iu
1259 5175 1344 5230 media
1352 5173 1480 5244 fornacis,
1492 5167 1653 5240 quasitlicat
1666 5187 1673 5225 ε
1685 5168 1756 5224 Pur·

128 5267 234 5337 auferat
257 5267 364 5336 spolia,
390 5276 416 5322 et
430 5268 541 5338 diripiat
567 5269 697 5339 pradum.
714 5268 819 5325 Dicitur
835 5286 912 5326 sacra
964 5281 1029 5338 gare
1053 5266 1115 5323 illus
1132 5283 1181 5337 per
1196 5268 1284 5337 ignem
1299 5264 1485 5322 tribulationis
1500 5261 1585 5327 uolui,
1598 5270 1624 5316 et
1650 5275 1752 5330 argen-

128 5354 271 5428 scriplum
285 5355 849 5428 quaeludaeisaChristianiseglsublgup,
863 5377 913 5416 up.
964 5363 1022 5409 lum
1036 5356 1187 5412 velautttnt
1203 5354 1420 5414 llldsssel'lloltll
1442 5361 1490 5407 {llll
1505 5351 1632 5422 (1⁰³5le
1657 5349 1705 5406 sed
1723 5348 1751 5404 itt

126 5447 160 5503 de
178 5446 280 5502 Dauid:
297 5446 420 5502 databar
431 5461 477 5516 epa
494 5462 571 5517 snper
585 5449 689 5520 eloquia
705 5458 772 5518 tua,
788 5451 857 5506 sicut
867 5451 913 5521 ani
964 5447 1076 5504 lernaea
1099 5449 1166 5504 milri
1180 5449 1207 5505 in
1221 5466 1269 5516 aes,
1285 5457 1412 5517 stagnum
1429 5486 1437 5513 ,
1454 5444 1556 5502 serrum
1568 5453 1596 5498 et
1610 5442 1754 5514 plumbum

126 5540 225 5596 inuenit
236 5539 323 5610 spolia
336 5537 433 5595 multa.
964 5548 1029 5596 suut
1042 5541 1125 5607 uersi,
1139 5541 1204 5611 quia
1219 5555 1275 5597 iton
1298 5538 1331 5594 sd
1354 5538 1484 5594 uirtutem
1499 5579 1508 5604 ,
1524 5536 1572 5591 sed
1589 5534 1623 5589 ad
1638 5532 1704 5587 uitta
1720 5531 1748 5586 iu

162 5630 264 5703 Sponsa
287 5631 357 5689 idem
369 5629 491 5701 estquod
504 5646 583 5688 utor.
599 5630 701 5691 Dicitur
712 5633 845 5707 Ecclesia,
860 5654 911 5693 un·
967 5633 1143 5692 tribulatione
1159 5642 1350 5708 prorumpunt.
1367 5632 1417 5691 dis
1440 5633 1504 5691 dum
1530 5630 1681 5704 percutitur
1693 5642 1752 5683 arrr-
