3992 6042
153 268 210 328 ξω
740 267 784 323 bb
803 268 869 326 sn
886 269 964 327 tlte
981 270 1170 332 eunomii.
1721 281 1775 338 27⁰

159 412 1773 464 mm

511 589 603 705 DE
648 585 786 703 SEX
829 589 988 706 niis
1030 591 1418 711 CHERUBIM.

188 984 417 1061 1724ng
436 983 654 1057 explanationem
674 983 757 1054 liujus
771 983 874 1054 ngare,
889 999 939 1039 ue·
952 986 975 1045 b
989 984 1042 1055 legi
1057 994 1134 1056 potes
1149 1007 1156 1043 ι
1171 988 1211 1044 lia
1228 1006 1287 1060 qne
1299 992 1347 1046 sub
1364 994 1421 1063 ipso
1435 1005 1522 1062 erant,
1541 997 1667 1066 templum
1688 999 1774 1072 reple·

149 1081 272 1137 cessaria
286 1078 394 1135 ridetur
415 1093 477 1134 esse
495 1076 631 1135 discussio
644 1076 727 1147 bujus
742 1076 914 1132 auctoritatis
929 1093 936 1132 :
988 1074 1062 1143 torst,
1077 1078 1129 1133 boe
1143 1087 1186 1135 est
1205 1095 1237 1136 ea
1261 1097 1323 1153 quar
1336 1083 1466 1154 ternplum
1484 1086 1626 1157 replebant
1640 1089 1693 1145 sub
1713 1091 1774 1163 ipso

156 1171 216 1228 Vidi
242 1171 385 1227 Dominum
402 1171 532 1227 sedentem
556 1161 635 1239 super
655 1169 753 1224 solium
768 1166 900 1222 accitum
912 1175 938 1222 et
987 1175 1075 1233 erant,
1088 1169 1152 1240 quia
1170 1171 1303 1242 quidquid
1325 1176 1509 1246 temporaliter
1523 1177 1654 1247 volvitur,
1667 1178 1775 1240 inteni-

148 1263 282 1319 alermum
311 1261 382 1333 (lea.
394 1262 443 1333 rr).
462 1260 604 1317 Excclrum
618 1262 741 1330 estquod
755 1259 836 1316 situm
851 1267 892 1315 est
908 1259 935 1314 in
986 1265 1032 1312 tur
1044 1258 1113 1314 inira
1123 1263 1314 1320 aeternitatem.
1332 1265 1504 1324 immensitas
1516 1269 1589 1325 enirn
1601 1272 1774 1342 aeternitatis,

148 1356 275 1419 sublimi:
285 1354 503 1426 etmutum,quod
513 1355 546 1412 de
557 1353 732 1410 inferioribus
747 1353 781 1409 ad
794 1353 935 1423 superiora
986 1351 1151 1418 temporales
1165 1354 1309 1424 angustias
1324 1356 1395 1413 inira
1406 1359 1564 1428 seelaudit;
1579 1361 1644 1432 quia
1658 1372 1685 1417 et
1697 1364 1774 1434 prior

148 1449 313 1503 translatum
328 1456 379 1503 est.
393 1445 495 1504 Sotium
510 1461 575 1518 ergo
586 1445 727 1513 excelsam,
743 1456 807 1502 sunt
820 1445 934 1517 angelici
984 1446 1109 1512 tempore
1123 1448 1226 1518 estqui
1248 1465 1389 1521 nunquam
1401 1452 1496 1524 coepit,
1509 1461 1537 1510 et
1554 1445 1691 1524 posterior
1704 1465 1774 1513 tenr-

148 1539 276 1608 spiritus;
300 1538 396 1594 solium
417 1538 558 1605 eternium,
573 1538 747 1595 suntanimee
763 1547 933 1604 sanctorum,
983 1545 1051 1601 pore
1066 1535 1114 1605 qui
1129 1535 1211 1593 linem
1235 1540 1343 1609 uescit;
1361 1551 1388 1598 et
1410 1557 1493 1613 snpra
1519 1553 1627 1616 tempus
1648 1553 1701 1613 est,
1723 1546 1772 1616 qui

146 1632 182 1687 de
200 1632 388 1701 hujusmundi
408 1632 538 1702 uoragine
552 1632 690 1687 translatae
707 1631 742 1686 ad
764 1632 863 1705 gaudia
884 1647 933 1688 su·
983 1626 1193 1684 mutabilitatem
1207 1644 1263 1686 non
1275 1631 1381 1704 recipit.
1408 1630 1547 1703 Seraphim
1563 1634 1671 1690 stabunt
1694 1651 1774 1708 super

146 1736 240 1792 pernae
257 1721 342 1791 pacis.
359 1720 394 1777 Et
413 1723 477 1794 quin
493 1722 615 1793 utrisque
628 1722 756 1792 presidet
774 1722 857 1788 Deus,
870 1722 934 1779 idco
983 1716 1054 1770 tiled
1068 1715 1189 1789 (dmi)-
1208 1718 1268 1776 ⁰¹¹⁰
1283 1721 1424 1792 Sefeldid.
1443 1721 1498 1778 ded
1510 1732 1672 1782 testamenta
1694 1736 1771 1783 tunt.

147 1813 245 1867 sedere
267 1812 368 1870 dieitur
394 1828 477 1885 anper
507 1813 606 1870 solium
627 1813 765 1869 excelsum
793 1820 822 1869 et
844 1813 934 1868 elera-
983 1805 1387 1883 Etpuielrreeerapbimiquod
1401 1813 1596 1885 interpretatur
1610 1815 1716 1882 ardens)
1730 1817 1774 1874 di·

145 1912 216 1958 turn.
982 1900 1075 1955 ninam
1091 1898 1260 1970 scripturam
1275 1901 1422 1973 siguificat,
1434 1916 1496 1972 qua
1514 1919 1563 1961 eos
1577 1921 1648 1976 quos
1660 1923 1710 1979 per
1724 1923 1773 1965 eo·

181 1988 259 2055 pirou
270 2006 336 2047 vero
346 1991 374 2047 in
386 1989 564 2062 sequentibus
577 1989 692 2046 dicitur:
702 1987 784 2045 Pleno
797 1999 836 2045 est
847 1992 932 2046 omnis
982 1991 1134 2061 gnitionetp
1148 1991 1226 2061 prius
1240 1990 1386 2057 illuminat,
1401 2007 1450 2062 per
1463 2006 1586 2050 amorem
1597 2000 1772 2067 postmodum

145 2089 217 2134 terra
233 2082 370 2152 majestate
384 2083 441 2151 ejus
455 2082 560 2153 (ibid.);
578 2098 626 2152 per
637 2091 749 2149 terrant,
762 2082 852 2138 omnis
866 2096 931 2137 eor·
982 2075 1091 2131 deridet
1102 2076 1198 2143 didere
1210 2072 1295 2140 iacit;
1311 2076 1424 2141 etenim,
1435 2078 1483 2148 (idi
1494 2094 1549 2134 που
1561 2081 1649 2147 tedet.
1662 2084 1773 2140 nonin·

145 2185 228 2239 porea
245 2182 371 2227 ereatura
386 2172 566 2244 significatur,
578 2188 640 2242 quaa
648 2172 726 2243 piena
738 2180 780 2228 est
789 2174 932 2243 majestate
982 2166 1084 2223 cendit.
1100 2163 1170 2219 burn
1185 2165 1258 2220 eninr
1270 2165 1358 2222 menti
1378 2177 1481 2223 nostra
1495 2168 1568 2239 quod
1589 2169 1688 2228 debeat
1702 2173 1773 2230 desi·

144 2261 204 2330 bei,
218 2263 283 2333 quia
301 2265 392 2320 divina
415 2264 533 2322 essentia
554 2265 625 2321 sieut
640 2265 775 2335 spirituali
798 2273 932 2322 creature
982 2256 1079 2312 derare
1092 2255 1221 2323 ostendit,
1239 2255 1317 2325 prins
1330 2270 1391 2313 eam
1405 2256 1553 2329 illuminat,
1568 2273 1603 2319 se
1617 2261 1716 2319 deinde
1726 2278 1772 2320 ar·

143 2370 193 2424 per
205 2354 398 2426 cogitationem
409 2356 544 2426 praesidet,
560 2357 597 2412 ita
611 2373 770 2428 corpoream
779 2367 931 2413 creaturam
982 2345 1092 2401 (lentem
1106 2345 1203 2402 reddit.

143 2449 264 2519 regendo
277 2460 360 2518 atque
376 2449 557 2519 disponendo,
569 2448 672 2519 implet,
694 2447 772 2516 Quod
786 2465 851 2520 ergo
867 2448 930 2503 alibi
1016 2439 1100 2494 Arde(
1116 2454 1182 2510 ergo
1198 2436 1263 2509 qnia
1277 2440 1404 2497 erdenieb
1419 2433 1495 2508 facil,
1508 2439 1582 2498 dicut
1598 2441 1665 2500 tlibi
1678 2443 1771 2504 iliceto

144 2541 266 2596 dicitur:
282 2540 382 2597 Goelrnn
395 2551 420 2596 et
433 2550 532 2595 terrem
545 2558 591 2613 ego
601 2541 697 2611 impleo
710 2541 777 2610 (der.
794 2539 890 2610 xxiiii:
903 2550 931 2596 et
981 2527 1093 2594 dicituro
1120 2527 1167 2598 qui
1188 2528 1335 2584 mummii·
1358 2528 1397 2587 ⁰0
1419 2531 1471 2588 ¹¹⁸⁰
1494 2532 1646 2605 Sssiilffll'd.
1670 2535 1770 2597 Peleu!

144 2646 263 2687 rursus:
287 2631 388 2688 Culum
409 2632 474 2685 milri
489 2633 561 2687 tedes
577 2641 626 2698 est,
642 2641 667 2686 et
692 2641 763 2687 terro
785 2630 931 2687 scabellum
980 2617 1047 2674 ‘¹5⁰5‘
1069 2618 1237 2690 ³P⁰⁵¹⁰¹¹¹⁸²
1264 2618 1399 2676 flamm
1421 2623 1564 2692 dmm
1587 2629 1769 2697 l’dessd'Wm

143 2722 239 2791 mum
261 2718 633 2790 m0r2,„,(130‚ffl1)‚1100
655 2719 692 2776 ppt
717 2721 842 2776 dippum
868 2719 929 2774 mg
979 2721 1134 2776 termonem,
1152 2711 1196 2764 cei
1209 2709 1271 2766 bene
1285 2711 1376 2783 fucitis
1392 2716 1556 2771 attendentes
1576 2725 1704 2789 tarrqtrum
1723 2721 1769 2776 lu·

145 2810 288 2865 Dominum
302 2812 442 2877 galenum,
457 2818 510 2867 etc,
526 2809 592 2876 Quoe
610 2809 658 2866 ,αὖ
673 2811 731 2880 g‘pgo
745 2818 821 2865 eram
846 2809 930 2881 reple·
980 2814 1066 2855 cernoe
1078 2799 1176 2856 ducenti
1189 2803 1217 2857 l'll
1226 2803 1372 2874 cdiiyilldw
1383 2803 1453 2874 idco,
1469 2806 1551 2863 didm
1561 2807 1769 2867 distillatum

146 2898 211 2955 barn
225 2901 349 2971 scorpium
360 2900 429 2972 (lan.
447 2902 497 2971 rr).
510 2899 654 2973 'l'enrpium
676 2909 719 2958 est
733 2900 870 2972 capacitas
887 2901 929 2956 in-
978 2903 1003 2947 tt
1017 2890 1113 2961 lucifer
1127 2893 1289 2966 loquelatur
1299 2895 1327 2950 in
1338 2897 1461 2951 cordibus
1469 2901 1565 2954 uestris
1580 2898 1625 2972 (ll
1641 2891 1715 2959 Pete.
1735 2901 1767 2975 ι).

144 2991 268 3048 tellectus
283 2992 395 3062 spiritus
408 2992 534 3063 angelici,
547 3002 574 3048 et
588 2992 748 3061 bominum
769 2992 848 3063 quod,
860 3000 928 3048 tem·
978 2980 1013 3037 Et
1025 2981 1162 3051 fortassis,
1175 2986 1326 3042 Secunddffl
1344 2989 1554 3048 Simiilffldidssm
1567 3008 1629 3063 que
1642 2994 1680 3049 ibi
1692 2994 1768 3052 Seri·

142 3083 219 3150 plum
235 3081 407 3148 implegupgl)
429 3082 463 3138 iis
485 3083 532 3153 qui
551 3083 603 3139 gub
618 3082 677 3152 ipso
690 3080 745 3137 Deo
764 3090 841 3145 gunt,
863 3082 928 3151 qnia
978 3083 1065 3144 pittrte
1082 3074 1239 3132 attribuitur
1253 3077 1287 3132 ad
1311 3078 1522 3146 significantium
1537 3080 1663 3140 eflectum
1683 3100 1766 3157 quem

143 3178 221 3225 [gnta
234 3178 277 3225 ρει
296 3185 409 3241 ppgrum
425 3171 582 3227 divinorum
604 3171 774 3228 immensitas
796 3172 873 3227 11qu
895 3186 926 3226 gg
978 3161 1037 3232 ipsit
1062 3163 1090 3218 in
1116 3164 1247 3221 cordibus
1262 3165 1432 3223 audientium
1456 3169 1548 3236 efficii,
1570 3171 1675 3229 (licium
1698 3185 1766 3232 esi:

141 3258 262 3331 perlecto
275 3262 541 3333 comprehendenda,
557 3263 661 3319 nuliius
674 3262 852 3333 intelligentia
866 3261 926 3318 sul·
978 3254 1118 3328 Seraphim
1132 3253 1239 3310 etaient
1251 3271 1329 3324 super
1348 3255 1433 3322 ittae·
1447 3261 1536 3331 surgit
1548 3263 1622 3318 enim
1635 3276 1698 3320 eum
1714 3281 1767 3324 nos

141 3352 226 3408 liciat.
246 3352 342 3423 implet
364 3367 411 3410 eor
435 3366 525 3409 meunt
538 3354 720 3411 consideratio
742 3368 850 3419 eorum,
871 3369 926 3409 non
977 3350 1056 3421 erigit
1068 3366 1075 3415 ;
1087 3347 1219 3415 ambulat,
1232 3363 1295 3403 cum
1311 3364 1362 3405 nos
1377 3351 1510 3420 prolicere
1524 3351 1605 3423 lacit,
1620 3365 1684 3425 stat,
1701 3374 1765 3417 cum

141 3442 928 3511 comprehendituracordemeoimmensitaseorum.ero·
977 3455 1028 3495 nos
1042 3439 1068 3493 in
1086 3439 1167 3495 beato
1185 3439 1325 3511 proposito
1342 3441 1410 3512 tigit.
1432 3442 1484 3499 Sed
1500 3445 1692 3517 inquirendum
1711 3458 1766 3520 est,

144 3532 226 3586 modo
239 3546 306 3602 ergo
320 3531 451 3588 factorem
463 3534 555 3602 operis
572 3534 803 3604 comprehendere
823 3533 926 3589 raicbi-
977 3546 1064 3602 quare
1077 3529 1244 3602 Deussnper
1264 3532 1363 3589 solium
1380 3534 1476 3591 sedere
1499 3537 1622 3605 dieitur;
1641 3548 1669 3596 et
1683 3556 1768 3612 super

142 3639 217 3689 mus,
237 3625 284 3694 qui
301 3623 390 3685 ipsum
416 3622 527 3680 lactoris
543 3639 612 3695 opus
634 3624 668 3679 ad
696 3625 806 3696 plenum
831 3639 928 3695 capere
941 3626 964 3688 c
979 3622 1079 3678 solium
1095 3637 1149 3677 non
1164 3622 1270 3690 sedere,
1282 3624 1330 3680 sed
1345 3634 1420 3682 stare
1441 3629 1569 3699 seraphin
1585 3631 1766 3701 perhibetur!

142 3729 196 3772 non
210 3715 343 3770 ualemus.
358 3713 510 3771 Possumus
530 3715 612 3770 etianr
627 3715 728 3782 dicere,
741 3714 814 3786 quod
828 3715 926 3770 solium
977 3712 1012 3767 lit
1025 3712 1236 3783 quiasuperius,
1249 3714 1302 3771 boc
1313 3716 1410 3772 solium
1427 3718 1516 3775 tribus
1529 3719 1618 3778 modis
1632 3722 1758 3795 interpro

141 3805 194 3860 boe
216 3804 347 3860 excelsam
370 3815 396 3860 et
411 3804 551 3872 elevatum,
573 3805 601 3860 in
624 3819 679 3876 quo
693 3804 768 3861 sedet
783 3804 926 3872 Dominus,
978 3802 1026 3856 tati
1042 3800 1248 3875 17ksunrus;
1262 3807 1414 3861 secundum
1431 3816 1581 3880 utrumque
1594 3811 1706 3868 modum
1717 3827 1766 3869 ex·

139 3894 279 3949 eternitas
294 3902 336 3950 est
356 3894 477 3962 deitatis,
492 3894 579 3964 quod
595 3893 629 3950 de
641 3894 701 3964 ipso
721 3893 780 3949 solo
803 3892 924 3949 dicitur:
977 3893 1141 3965 positionem
1154 3895 1285 3965 adaptare
1299 3896 1440 3955 debemus.
1464 3898 1493 3953 st
1508 3914 1574 3971 ergo
1586 3902 1686 3958 solium
1702 3902 1764 3972 Dei,

141 3982 194 4049 Qui
212 3983 315 4038 inabitat
327 3985 501 4041 eternitatem
516 3983 584 4052 (ita.
599 3983 676 4054 eurr).
690 3982 750 4040 Non
764 3984 837 4056 qnod
851 3983 924 4039 aliud
976 3984 1135 4054 spirituales
1148 3994 1292 4040 creaturas
1307 3986 1469 4057 accipimus,
1484 3999 1651 4062 rectesuper
1662 3993 1763 4050 solium

140 4074 273 4142 sitbeus,
288 4077 597 4148 attendendumque,
613 4078 660 4135 sed
678 4077 750 4148 qnod
766 4077 865 4134 solium
880 4091 925 4132 re·
974 4074 1075 4131 sedens
1094 4072 1166 4130 Deus
1191 4074 1367 4142 describitur,
1403 4076 1469 4145 quia
1497 4076 1629 4136 dirinitas
1652 4081 1763 4140 deitatis

139 4168 283 4236 guantiurn
297 4176 349 4234 est,
362 4177 388 4223 et
401 4168 472 4236 ideo,
489 4180 562 4226 recte
577 4169 605 4225 in
621 4169 691 4224 solio
708 4169 869 4225 aeternitatis
881 4182 925 4225 sc·
975 4181 1038 4221 cunt
1055 4164 1091 4221 sit
1102 4179 1185 4235 super
1202 4165 1306 4230 omnia,
1323 4181 1374 4223 nee
1389 4168 1491 4223 virtute
1512 4170 1631 4239 prolicit,
1646 4188 1698 4229 nec
1718 4190 1764 4231 sa·

138 4255 205 4310 dere
223 4255 323 4311 dicitur
338 4275 344 4311 :
361 4257 434 4327 quod
456 4258 528 4314 sieut
548 4260 674 4314 essentiae
697 4260 769 4329 ejus,
784 4259 822 4314 ita
841 4259 923 4314 etiam
974 4260 1076 4331 pientia
1091 4259 1203 4325 crescit;
1215 4273 1277 4313 curn
1289 4274 1338 4315 neo
1349 4259 1488 4329 plenitudo
1498 4264 1591 4333 augeri
1602 4265 1699 4333 possit,
1711 4281 1762 4323 nec

138 4346 346 4416 omnipotentiae
361 4349 422 4418 ejus
433 4364 484 4405 nec
501 4349 666 4420 principium
678 4365 729 4405 nec
740 4349 803 4406 linis
816 4349 924 4405 inueni·
973 4353 1113 4408 aeternitas
1129 4351 1241 4406 uariari.
1256 4350 1332 4407 biens
1343 4366 1408 4408 rero
1429 4353 1560 4422 bumana,
1578 4355 1690 4426 quoties
1711 4371 1762 4428 per

139 4446 196 4493 tur.
217 4438 329 4509 Semper
348 4440 411 4505 luit,
425 4448 453 4496 et
477 4456 585 4512 semper
606 4442 797 4512 omnipotens,
817 4456 925 4510 semper
973 4443 1157 4513 cognitionem
1181 4441 1330 4512 Scripturae
1351 4442 1435 4499 luerit
1450 4444 1614 4513 illuminata,
1630 4446 1664 4503 ad
1680 4448 1763 4505 ecte·

138 4528 168 4583 in
182 4544 225 4594 se,
237 4529 413 4602 et'sempera
432 4548 462 4588 se
483 4533 581 4603 plenus
596 4540 624 4587 et
639 4531 774 4602 perlectus
789 4531 850 4594 init.
874 4546 925 4587 nec
973 4534 1025 4588 stia
1041 4532 1248 4602 contemplanda
1264 4533 1478 4600 sublevamus
1496 4533 1571 4605 ipsos
1587 4550 1698 4607 quoqne
1711 4554 1764 4596 an·

137 4618 311 4675 redundarit.
337 4620 408 4675 Dicit
422 4634 487 4690 ergo
509 4637 516 4675 :
546 4617 607 4674 Vidi
629 4620 772 4674 llonrintrna
793 4619 924 4675 sedentem
972 4621 1208 4694 gelorumciroros
1223 4623 1429 4688 transcendens,
1443 4624 1574 4695 usquead
1586 4627 1760 4696 presentiam

137 4721 218 4779 super
230 4709 326 4765 sotium
338 4711 469 4766 excelsum
481 4720 506 4766 et
520 4711 659 4766 deuotum.
675 4710 923 4767 Virtutedirinita·
972 4712 1017 4769 sni
1038 4712 1194 4768 conditoris
1227 4710 1384 4784 profecerit,
1411 4726 1493 4783 super
1515 4713 1615 4770 solium
1648 4717 1759 4788 quidem

138 4803 175 4858 tis
185 4817 293 4858 omnem
305 4812 459 4859 ereaturam
471 4812 499 4860 et
509 4803 660 4859 eternitate
681 4803 819 4873 praecedit,
834 4810 862 4858 et
881 4802 923 4857 di·
973 4802 1106 4869 aseendit,
1120 4799 1168 4858 sed
1179 4811 1233 4856 stat
1244 4810 1271 4856 et
1285 4817 1339 4857 non
1356 4802 1434 4858 sedet
1445 4819 1453 4858 a
1464 4802 1529 4875 quia
1541 4803 1606 4860 illue
1617 4806 1760 4878 prolicien-

136 4894 241 4963 gnitate
260 4895 439 4964 transcendit,
456 4901 590 4965 potestate
608 4893 740 4963 disponit.
768 4891 918 4963 Sequitur:
973 4892 1010 4947 do
1023 4907 1071 4963 per
1086 4892 1208 4948 laborem
1222 4890 1309 4959 uenit,
1321 4891 1367 4947 ubi
1381 4907 1430 4964 per
1442 4902 1570 4950 naturam
1583 4910 1757 4953 manerenon

135 4983 181 5040 Eu
195 5002 255 5056 qun
273 4985 320 5042 ssi
335 4989 391 5057 ipso
413 4997 488 5043 erunt
512 4983 645 5056 replebant
660 4986 795 5055 templum.
819 4982 849 5038 in
867 4983 920 5039 boc
936 4958 959 5014 ⁰
974 4983 1085 5050 babuit;
1098 4991 1171 5040 stare
1182 4995 1301 5051 namque
1316 4980 1467 5038 laborantis
1482 4989 1535 5052 est,
1551 4986 1649 5042 sedere
1671 4984 1758 5044 animi

134 5077 198 5134 loco
212 5087 301 5148 potest
315 5078 427 5150 intelligi
440 5078 572 5135 circuitus
585 5085 748 5147 temporum,
762 5083 790 5132 et
799 5074 919 5131 ambitus
970 5075 1146 5148 quiescentis.

131 5172 299 5227 saeculorum
312 5191 319 5226 ι
334 5181 455 5241 tempora
471 5184 588 5241 namque
600 5170 665 5225 dum
683 5169 809 5225 incursu
829 5169 918 5224 suoin
1008 5167 1095 5239 Super
1107 5167 1207 5223 solium
1222 5177 1314 5223 autem
1338 5165 1510 5233 aeternitatis,
1532 5169 1588 5222 tion
1609 5164 1664 5221 uisi
1683 5164 1757 5223 bens

133 5281 166 5323 se
179 5266 238 5336 ipsa
255 5274 438 5328 revertuntur,
455 5262 602 5334 quemdam
618 5261 709 5331 templi
728 5260 861 5316 ambitum
873 5275 919 5331 gc·
972 5260 1059 5326 sedet,
1077 5275 1127 5316 nos
1147 5274 1214 5316 vero
1238 5269 1355 5327 stannus,
1378 5260 1443 5330 quia
1459 5255 1605 5329 incipimus
1628 5269 1691 5313 esse
1707 5271 1757 5330 per

133 5359 257 5415 nerando
269 5357 507 5414 circumscribunt.
530 5353 608 5421 ouon
618 5368 684 5424 ergo
705 5353 805 5409 dieitur
819 5371 826 5408 :
853 5351 919 5418 Qun
972 5352 1100 5423 gratiam,
1115 5351 1161 5407 ubi
1174 5353 1233 5421 ipse
1244 5360 1287 5408 est
1297 5367 1346 5421 per
1359 5360 1486 5407 naturam
1500 5367 1508 5416 ;
1522 5360 1574 5405 nec
1585 5348 1620 5403 ad
1631 5347 1699 5406 illud
1710 5364 1756 5406 so·

132 5447 182 5504 rub
197 5450 255 5520 ipso
274 5457 361 5515 erant,
385 5453 459 5502 recte
478 5447 519 5501 sic
544 5443 751 5515 intelligendum
771 5451 824 5509 est,
844 5442 918 5513 qnod
971 5441 1050 5507 lium,
1067 5440 1120 5497 nisi
1132 5456 1181 5512 per
1192 5442 1291 5497 mortis
1301 5442 1433 5506 laborent,
1445 5439 1587 5510 pervenire
1597 5453 1755 5510 poossumus.

131 5540 227 5596 orrrnia
242 5538 406 5595 saeculornnt
419 5545 541 5607 tempora
554 5536 635 5604 piena
649 5547 714 5591 sunt
729 5533 858 5605 operibus
869 5531 918 5592 Del
970 5532 1110 5597 Attamen,
1125 5532 1189 5590 licet
1205 5547 1238 5589 cx
1251 5532 1418 5596 conditione,
1433 5529 1505 5587 servi
1518 5531 1631 5587 obnoxii
1645 5532 1760 5598 simut:

132 5644 162 5694 et
175 5639 267 5693 onusta
290 5633 430 5702 generatio
447 5632 557 5688 irorreat
576 5630 711 5689 mirabilia
733 5628 792 5687 liei.
815 5627 864 5687 Vei
878 5628 920 5688 sio
971 5642 1007 5684 cx
1028 5626 1185 5699 adrtptiqne,
1206 5622 1372 5700 etern’tatis
1385 5622 1507 5681 tendes
1529 5620 1672 5681 eliciatur.
1700 5622 1769 5680 8⁶³·
