3992 6042
218 299 360 359 ualentem
377 296 441 354 lerri
453 297 529 353 vultu
542 295 656 352 meliore
669 293 801 368 dgurans.

218 388 298 446 lione
310 388 381 461 ignis
396 387 518 444 demollit
530 401 602 453 eam,
619 401 693 441 nunc
707 385 822 441 malleus
832 385 920 458 ipsam

218 478 326 546 Flectit,
341 487 370 535 et
379 478 413 533 ad
426 478 530 532 cultum
543 475 606 531 lerri
621 474 744 545 suspirat
759 484 883 545 uterque.

220 571 267 629 Sic
281 571 382 627 lerrunr
400 569 475 625 icrro
486 569 634 635 contendit,
648 577 679 624 ut
687 568 794 624 excolat
811 565 890 634 illud,

219 662 256 720 Ut
269 665 373 720 socium
387 676 520 717 renerans
533 676 595 717 sese
610 671 754 717 veneretur
766 660 793 715 io
808 659 866 714 illo.

218 754 283 810 Post
294 754 410 809 multum
425 751 535 809 sudoris
545 767 627 822 epus,
642 760 706 823 pest
729 751 821 821 praelia
838 750 920 805 luctae

217 844 351 901 insultum
363 843 433 899 'lerri
445 843 528 901 vincit
544 845 622 899 labor
631 842 788 912 improbus,
800 838 893 896 aulert

216 937 385 1004 Nequitiam,
403 944 565 1007 metumque
577 936 654 1008 ligat,
669 937 813 1006 rixamque
822 931 954 999 retundit,

216 1029 357 1087 Materiern
373 1029 435 1086 ierit
454 1033 482 1087 in
498 1029 625 1096 lerneam,
638 1028 773 1099 vestitque
787 1029 892 1098 ligura:

216 1120 252 1176 Et
265 1137 327 1192 quae
339 1122 396 1192 iam
417 1120 506 1178 lucrm
514 1121 634 1187 discors,
647 1120 734 1188 rudis,
751 1120 869 1191 bispida,
886 1131 1008 1190 torpeus,

218 1211 400 1284 Temperiem,
419 1213 548 1280 sormam,
560 1215 675 1280 cultum,
686 1224 846 1283 metumque
857 1214 974 1269 resumit

217 1304 356 1373 Materies,
365 1306 481 1376 arisque
496 1306 565 1377 gerit
581 1305 700 1361 formata
721 1305 858 1375 ugeram·

216 1396 334 1454 Picturae
350 1398 436 1455 series
447 1414 509 1455 cem
521 1398 594 1454 lama
607 1399 736 1469 praedicat
752 1400 809 1455 illic

216 1489 351 1546 Auctoree
366 1492 471 1562 logica,
484 1506 556 1561 ques
566 1491 653 1547 donat
668 1490 740 1546 launa
760 1493 873 1563 perenni

217 1579 291 1648 Vita,
302 1596 352 1637 nec
362 1583 459 1652 sepelit
471 1583 532 1639 illos
544 1599 615 1653 quos
629 1594 700 1639 terra
719 1584 841 1654 sepultos

215 1676 305 1743 velat,
318 1675 365 1732 sed
377 1677 501 1732 recolens
515 1675 661 1732 riclunctes
673 1677 789 1732 suscitat
802 1677 874 1732 orbi.

214 1768 272 1826 lllie
283 1767 452 1840 Porphyrius
467 1769 572 1825 directe
586 1770 695 1825 tramite
706 1778 814 1840 pontem

216 1860 323 1932 Dirigit,
337 1869 365 1918 et
376 1870 513 1917 monstrat
527 1862 623 1917 callem
637 1877 692 1931 quo
706 1862 792 1917 lenter
803 1862 933 1933 abyssum

214 1954 301 2010 latrat
318 1955 484 2022 Aristotelis,
501 1963 649 2026 penetrans
665 1954 813 2024 perretralia
841 1953 915 2009 iibri.

213 2045 273 2103 illic
284 2046 452 2119 Porphyrius
466 2063 566 2103 areana
582 2046 704 2112 resolvit,
720 2056 748 2101 ut
764 2047 832 2102 alter

214 2137 369 2209 OEdipodes
384 2140 472 2195 nestri
492 2140 602 2196 solvens
627 2139 773 2210 enigmata
791 2138 934 2212 sphingos.

214 2228 367 2288 Verborum
381 2232 505 2287 turbator
516 2231 604 2300 adest,
619 2240 646 2287 et
661 2233 770 2288 turbine
786 2233 888 2289 molles

215 2323 492 2380 Tvrrbatdristeteles
505 2333 609 2391 noster,
626 2326 780 2395 gaudetque
799 2324 895 2378 latere.

215 2415 263 2473 Sic
274 2415 361 2485 logica
379 2424 478 2470 tractat
489 2415 563 2485 quod
575 2431 629 2471 non
643 2425 777 2474 tractasse
794 2417 921 2484 videtur;

213 2506 275 2563 Non
290 2507 364 2578 qued
380 2508 487 2561 aberret
499 2505 526 2560 in
546 2507 609 2571 lrec,
625 2508 673 2562 sed
685 2508 760 2578 quod
775 2508 911 2563 velamine
930 2508 1006 2564 uerbi

213 2597 312 2655 Omnia
328 2600 369 2654 sic
382 2600 464 2665 relat,
478 2597 553 2669 quod
569 2597 613 2654 vir
629 2599 708 2654 labor
719 2600 771 2656 ista
785 2600 895 2656 revelet.

213 2689 267 2759 Qui
281 2700 372 2746 tamen
386 2691 489 2747 idcirce
503 2691 585 2748 vestit
600 2707 649 2748 soa
669 2692 743 2747 dicta
756 2690 880 2759 latebris,

213 2780 254 2838 Ne
266 2798 315 2838 sua
327 2791 484 2854 prosternat
496 2792 612 2847 secreta,
627 2797 764 2854 suumque
775 2782 935 2854 relinquens

213 2873 353 2930 Arcanum
367 2875 448 2946 vulgo
460 2876 570 2930 tandem
585 2876 717 2933 vilescere
729 2884 818 2948 cegat.

213 2962 282 3019 Nam
301 2980 351 3020 sua
363 2967 460 3021 secreti
477 2966 608 3037 majestas
617 2968 692 3033 vilet,
706 2977 733 3023 et
750 2967 826 3024 omni

213 3056 342 3113 Privatur
355 3058 499 3127 splendere
510 3061 563 3127 sui,
576 3061 598 3115 si
612 3060 721 3130 publica
733 3062 801 3117 liat:

212 3148 281 3205 Naar
298 3165 342 3206 res
358 3151 475 3222 vulgatae
490 3167 599 3221 semper
613 3151 723 3208 fastidia
737 3153 861 3225 gignunt.

213 3238 294 3296 Erre
309 3242 418 3314 vulgate
427 3253 599 3314 contemptus
611 3258 712 3299 nausea
725 3245 826 3316 surgit.

214 3333 289 3391 Zeno
300 3337 375 3407 pugil
391 3337 508 3409 legions,
526 3338 629 3418 logices
641 3338 754 3402 athleta,
766 3338 871 3409 soplrire

213 3425 271 3481 Rex
283 3436 311 3483 et
322 3428 419 3485 ductor
429 3428 516 3493 adest,
529 3430 624 3498 logicae
635 3429 688 3484 sibi
707 3430 800 3500 praelia
813 3445 950 3500 quaerens,

213 3518 288 3576 lilios
302 3521 387 3575 nudat
399 3521 518 3576 latebras
530 3521 655 3591 imosque
669 3535 805 3595 recessus.

212 3610 242 3665 ln
259 3611 347 3665 lucem
361 3612 505 3666 tenebrosa
520 3611 613 3678 relert,
627 3626 698 3666 nova
711 3611 788 3667 ducit
814 3613 842 3669 in
858 3630 949 3682 usum,

213 3700 390 3773 Excusarque
404 3713 509 3772 tropos,
525 3704 552 3757 io
565 3719 691 3759 normam
705 3706 817 3762 selverne
833 3707 950 3775 reducit,

213 3793 309 3850 Exerit
324 3795 483 3867 ambiguum
498 3796 661 3866 Severinus;
682 3814 737 3869 que
750 3799 820 3856 duce
841 3801 968 3873 linquens

213 3880 336 3943 Natalem
350 3887 484 3959 linquam,
498 3889 584 3944 nostri
600 3892 796 3962 peregrinatio
813 3908 893 3949 osum

215 3979 357 4037 Sermonis
368 3979 462 4052 legicae
475 3981 573 4047 virtus,
586 3980 714 4053 dicatque
725 3983 863 4040 Latinum.

524 4114 639 4170 CAPUT
657 4115 689 4171 ΙΙ.

219 4206 299 4278 Virpo
313 4207 392 4262 tertio
406 4216 446 4261 ert
460 4206 611 4261 eretoriro.
625 4207 768 4263 Rhetorice
783 4209 952 4265 describitur.
967 4210 1000 4267 itt

248 4279 344 4331 dextre
355 4279 422 4348 perit
443 4278 544 4344 tolum,
558 4278 585 4332 itt
609 4280 720 4332 rirrirtro
740 4295 834 4333 corne.
857 4279 1004 4338 illaetoriroe

249 4349 363 4418 officium
378 4357 403 4401 et
419 4348 654 4404 conmemorare
680 4350 808 4406 orationis
836 4360 935 4421 portet.
959 4352 1003 4408 Gi·

250 4433 321 4484 cere,
332 4418 365 4471 de
380 4417 521 4473 Rhetorica
532 4419 629 4488 optime
644 4421 765 4475 meritas.

249 4530 309 4590 Neu
327 4533 402 4588 cultu
417 4531 541 4605 facieque
553 4534 655 4601 minor,
672 4550 726 4589 nen
743 4544 802 4591 arte
813 4537 933 4592 sccrrnda

214 4624 307 4682 Tertia
323 4625 410 4696 virge,
427 4641 478 4681 sue
498 4641 552 4682 een
569 4624 678 4680 iraudat
699 4642 813 4683 munere
826 4643 949 4682 currum.

213 4714 317 4770 Evocat
330 4715 451 4771 exterius
469 4724 599 4782 mentem,
617 4717 764 4787 studioque
789 4726 915 4772 vocatam

214 4806 348 4874 Destinat,
363 4816 446 4877 atquc
461 4822 559 4862 uranus
574 4807 666 4863 avtime
678 4809 794 4864 ducente
804 4809 951 4879 gubernat,

215 4897 420 4970 Supremasque
436 4915 535 4954 manus
548 4901 669 4970 apponit,
687 4916 812 4972 opusque
823 4918 950 4958 sororum

213 4988 334 5057 Perdcit,
352 5000 435 5062 etque
450 4993 535 5049 semel
551 4992 653 5049 lactvrm
675 4993 825 5064 perfectius
841 5004 931 5051 ornat.

214 5082 323 5139 Ercolit
335 5085 381 5140 illa
399 5086 483 5157 gradu
498 5102 640 5157 supremo,
655 5103 716 5157 quae
732 5088 853 5158 positivo

213 5175 389 5248 adel-'acra
402 5180 489 5252 gradu
502 5180 621 5247 inerant,
637 5179 684 5235 sed
707 5195 762 5235 non
784 5188 931 5247 aeqrnenta
956 5194 1005 5234 su·

881 5269 970 5343 [perui

213 5355 290 5414 Finis
307 5360 491 5429 contigerant,
510 5362 641 5433 gradibus
658 5370 787 5418 contenta
809 5363 949 5420 secundis.

214 5444 270 5503 Nec
281 5448 393 5518 mirum,
410 5452 433 5507 si
446 5451 518 5507 laeta
531 5453 610 5523 prius
623 5452 771 5524 perfectius
790 5468 893 5511 eruens

213 5536 333 5604 Perlicit,
348 5551 375 5596 et
392 5541 494 5597 iactum
509 5544 585 5599 culto
598 5546 711 5601 meliore
724 5553 862 5611 venustat,

216 5626 267 5682 Cei
281 5630 368 5700 magis
379 5634 481 5689 arridet
498 5635 605 5704 species
615 5646 643 5693 ct
656 5639 743 5709 qratia
756 5637 862 5704 lerata,

861 175 965 234 deNl
985 173 1186 232 uetustius

1800 170 1859 229 51³

1023 298 1048 355 A
1063 289 1129 357 Quat
1142 289 1257 346 comites
1272 287 1357 344 molta
1373 287 1484 357 piciens
1496 285 1627 356 prevenit
1640 291 1709 351 arte,

1062 379 1160 436 Totam
1178 379 1292 450 pictoris
1309 389 1394 434 artern
1412 379 1464 433 sub
1477 386 1588 448 pectore
1601 375 1743 430 claudens.

1060 472 1226 543 Exemplans
1237 471 1298 551 auri
1310 472 1441 543 speeiem,
1457 471 1582 541 miraque
1597 469 1699 540 politus

1059 565 1125 622 Arte
1137 565 1209 636 jacet
1223 565 1320 631 crinis,
1334 564 1445 619 investit
1456 563 1526 619 cella
1544 563 1671 632 capillus,

1056 659 1088 717 ln
1107 661 1240 731 vultuque
1252 667 1329 714 natat
1342 657 1420 713 celer
1434 657 1541 729 igneus,
1562 657 1633 728 ignis
1652 657 1680 709 in
1696 670 1745 711 ore

1058 751 1218 824 Purpureus
1228 766 1308 808 roseo
1319 751 1424 806 vulture
1437 749 1581 819 splendere
1595 749 1712 804 colorat.

1060 843 1114 901 Sed
1130 844 1200 915 parti
1223 844 1317 900 vultus
1328 843 1432 898 candor
1443 841 1604 912 peregrinus
1618 839 1743 907 intrueret,

1058 934 1211 1007 Natiroque
1225 950 1307 993 suum
1323 942 1411 991 certat
1422 935 1539 990 miscere
1558 933 1689 988 celerem.

1058 1027 1138 1085 Nune
1148 1028 1225 1084 vario
1234 1028 1319 1083 ductu
1333 1028 1517 1098 lacrymarum
1532 1024 1761 1091 vultusinuudat,

1058 1120 1137 1179 Nunc
1150 1123 1256 1178 vultum
1266 1121 1335 1177 rarii
1346 1121 1419 1176 risus
1432 1134 1534 1174 aurora
1553 1127 1672 1184 serenat,

1058 1215 1225 1287 Abstergens
1244 1213 1324 1270 fletus
1335 1213 1489 1284 lacrynras;
1507 1226 1581 1266 nunc
1593 1210 1670 1281 virgo
1685 1224 1795 1267 sereret

1058 1306 1205 1364 Praetendit
1219 1307 1311 1362 vultus
1323 1320 1386 1361 cum
1403 1302 1547 1372 ntay‘estate
1559 1302 1670 1371 rigoris.

1004 1418 1006 1422 ’
1058 1397 1137 1455 Nunc
1151 1397 1248 1454 oculus
1259 1413 1371 1454 sursvrrn
1386 1396 1479 1451 lumen
1493 1393 1610 1464 delegat,
1630 1393 1658 1448 in
1672 1393 1759 1449 imon

1058 1490 1137 1547 Neue
1155 1490 1229 1546 cedit
1246 1489 1329 1560 bajus
1342 1504 1426 1559 apex,
1438 1503 1513 1543 rrunc
1535 1494 1621 1541 tetum
1637 1484 1708 1539 lueis
1733 1497 1850 1539 acumen

1059 1582 1088 1638 1ιι
1099 1582 1172 1638 latus
1186 1581 1333 1650 obliquans
1348 1579 1490 1635 anfractus
1502 1577 1601 1649 quaerit
1615 1585 1643 1633 et
1655 1575 1791 1631 umbram.

1022 1652 1045 1717 B
1059 1674 1087 1729 ln
1099 1675 1194 1730 dextra
1213 1673 1284 1745 gerit
1297 1673 1343 1728 illa
1357 1672 1463 1737 tubam,
1479 1685 1623 1741 cornuque
1635 1669 1777 1725 sinistrant

1058 1763 1157 1829 Donat,
1173 1764 1236 1818 etin
1250 1777 1337 1819 cornu
1352 1762 1443 1833 signat
1455 1759 1587 1832 praeludia
1604 1759 1679 1814 belli.

1057 1855 1166 1913 Glaudlt
1182 1868 1243 1910 eam
1262 1854 1362 1920 vestis,
1389 1868 1451 1924 quae
1469 1852 1604 1923 picturata
1616 1851 1709 1907 colere

1057 1947 1200 2019 Multiplici
1216 1946 1287 2001 ridet
1303 1945 1393 2000 varies
1406 1944 1499 2000 induta
1512 1943 1628 1999 coleres.

1058 2039 1109 2096 liic
1122 2037 1237 2110 pictoris
1248 2051 1300 2106 epe
1315 2036 1440 2107 splendet
1464 2037 1572 2107 pictura
1588 2034 1691 2093 coloris

1058 2127 1208 2194 Rhetorici,
1225 2127 1265 2182 sie
1282 2125 1416 2197 picturam
1430 2124 1537 2196 pictura
1549 2126 1665 2181 colorat.

1057 2220 1109 2278 iiie
1124 2220 1198 2275 velut
1209 2219 1236 2275 in
1252 2219 1322 2274 libre
1332 2219 1433 2288 legitur
1448 2218 1513 2289 quis
1527 2217 1590 2274 linis
1605 2226 1632 2272 et
1651 2225 1759 2285 auctor,

1057 2311 1169 2378 Forma,
1188 2309 1231 2366 vel
1244 2309 1376 2379 odicium,
1391 2325 1453 2380 quae
1472 2323 1569 2375 eausa,
1589 2308 1652 2379 quis
1667 2309 1747 2375 orde,
1774 2308 1850 2379 qued

1734 2400 1814 2472 [artis

1057 2493 1211 2550 eretoricae
1230 2492 1458 2566 propriumque
1478 2490 1576 2557 virtus,
1599 2489 1718 2561 qualiter
1730 2491 1849 2559 instans,

1057 2582 1136 2641 Nunc
1148 2593 1227 2640 tonat
1246 2585 1293 2639 illa
1303 2585 1397 2651 minis,
1414 2597 1488 2638 nunc
1503 2583 1579 2638 verbi
1596 2584 1656 2639 loce
1672 2591 1813 2651 coruscat,

1057 2673 1136 2730 Nunc
1154 2675 1225 2746 pluit
1239 2674 1287 2730 illa
1311 2690 1418 2745 preces,
1437 2688 1511 2731 nunc
1525 2674 1653 2731 laudibus
1676 2674 1775 2731 imbuit
1799 2691 1850 2730 au·

1732 2763 1812 2834 [rem.

1057 2856 1129 2925 Quid
1144 2872 1236 2914 cause
1246 2872 1333 2929 penus
1347 2857 1455 2925 eiiciat,
1471 2872 1528 2928 qrvo
1547 2855 1652 2924 tendat,
1667 2863 1695 2911 et
1716 2856 1750 2911 ad
1767 2871 1849 2927 quem

1018 2987 1041 3047 c
1058 2947 1219 3006 lieveniens·
1229 2948 1310 3005 linem
1320 2949 1537 3014 deliberetutile,
1551 2949 1658 3019 justum

1056 3040 1175 3108 iudicet,
1196 3040 1312 3096 allirmet
1334 3050 1451 3108 rectem,
1469 3039 1639 3095 demonstret
1655 3041 1812 3107 honestum,

1057 3132 1124 3201 Quae
1136 3141 1230 3203 partes
1241 3132 1318 3199 artis,
1335 3131 1397 3202 quis
1410 3146 1506 3186 earum
1530 3131 1632 3186 teritur
1646 3130 1726 3186 orde.

1056 3223 1180 3291 Qualiter
1192 3223 1219 3279 in
1235 3223 1331 3293 primis
1349 3237 1395 3277 ars
1410 3223 1527 3288 invertit,
1542 3223 1657 3294 ipsaque
1668 3223 1777 3279 tandem

1056 3315 1184 3383 Ordinat,
1196 3316 1347 3385 eloquitur,
1364 3323 1510 3377 memorat.
1523 3316 1695 3385 pronuntiat,
1708 3325 1738 3372 ut
1756 3317 1796 3372 sic

1055 3408 1159 3464 Ordine
1169 3407 1293 3479 legitimo
1312 3407 1424 3463 sibimet
1439 3409 1690 3478 resperrdeaterde.

1056 3499 1131 3566 Quas
1147 3498 1189 3553 rel
1201 3506 1267 3569 quet
1280 3507 1371 3568 partes
1382 3500 1470 3553 erario
1488 3499 1606 3553 rlvetoris
1624 3498 1650 3553 in
1665 3514 1696 3555 se

1055 3591 1212 3659 Continent,
1221 3593 1264 3647 rel
1276 3608 1331 3662 qua
1347 3592 1417 3647 serie
1429 3602 1557 3648 texantur
1570 3592 1597 3646 in
1612 3592 1667 3647 illa.

1057 3686 1202 3754 Quomodo
1214 3686 1379 3757 principium
1395 3695 1513 3740 mentem
1533 3694 1636 3752 movet,
1649 3686 1729 3757 erigit
1741 3700 1847 3753 aurem,

1056 3777 1165 3834 Excitet
1179 3778 1315 3845 auditum,
1331 3793 1381 3832 cor
1396 3776 1499 3847 judicis
1513 3786 1629 3848 apparat
1641 3778 1691 3843 illi,

1056 3869 1117 3936 Quo
1131 3871 1219 3942 magis
1234 3877 1366 3935 attentus,
1379 3869 1476 3925 docilis
1492 3871 1592 3941 magis,
1611 3880 1695 3941 atquc
1713 3870 1847 3942 benignus

1056 3959 1189 4016 Redditur
1208 3959 1329 4026 auditor,
1346 3969 1373 4014 et
1388 3970 1508 4014 urentem
1527 3960 1637 4015 dedicat
1657 3960 1728 4015 anri.

1055 4051 1201 4120 Quomodo
1214 4052 1266 4107 sob
1277 4050 1406 4106 brevibus
1422 4050 1514 4106 verbis
1533 4052 1655 4106 narratio
1668 4067 1763 4107 verum

1056 4144 1192 4214 Explicat,
1208 4142 1377 4198 autlatitans
1393 4142 1451 4198 veri
1463 4143 1516 4197 sub
1528 4143 1647 4214 imagine
1664 4141 1777 4198 laisum.

1056 4231 1180 4299 Qualiter
1192 4234 1220 4287 in
1232 4247 1341 4288 summa
1355 4232 1467 4303 partitio
1484 4231 1588 4304 colligit
1598 4248 1680 4289 emec

1020 4322 1136 4399 DQuod
1152 4329 1288 4400 sequitur,
1302 4328 1426 4400 dispersa
1442 4330 1546 4400 legens,
1569 4330 1668 4386 diffusa
1692 4340 1846 4388 coarctans

1056 4420 1179 4487 Qualiter
1203 4420 1231 4474 ivr
1247 4430 1352 4489 partem
1374 4419 1479 4475 iaciens
1495 4421 1612 4477 assertio
1637 4430 1759 4476 nestram

1056 4516 1224 4586 Argumenta
1237 4523 1324 4580 uetat,
1340 4514 1448 4584 probat,
1462 4514 1602 4584 exprimit,
1630 4513 1741 4579 astruit,
1755 4511 1846 4569 inlert.

1056 4603 1178 4671 Qualiter
1187 4606 1340 4676 appositam
1354 4604 1415 4660 ierit
1429 4605 1564 4660 intimatio
1580 4612 1697 4674 partem,

1055 4697 1139 4770 349
1151 4698 1284 4766 Destruit,
1298 4699 1430 4763 iollrmat,
1446 4697 1584 4762 dissolvit,
1599 4697 1725 4767 dissipat,
1739 4703 1828 4769 urget.

1056 4789 1201 4856 Quomodo
1214 4791 1382 4846 concludens
1397 4788 1541 4845 conclusio
1555 4789 1675 4860 singula,
1688 4789 1742 4844 linc

1056 4881 1191 4953 Legitime
1208 4883 1320 4948 claudit,
1336 4884 1436 4939 sistens
1451 4882 1587 4937 sermonis
1599 4881 1741 4948 babetras;

1056 4974 1123 5041 Qoae
1138 4974 1252 5041 lactum,
1267 4974 1388 5045 laetique
1403 4990 1500 5046 genus,
1516 4988 1671 5042 nomenque
1691 4973 1813 5044 requirat

1056 5067 1187 5135 Quaestie,
1207 5067 1324 5123 diversis
1343 5068 1482 5121 rationum
1500 5068 1565 5122 nixa
1580 5067 1736 5135 columnis;

1055 5157 1122 5225 Quae
1134 5158 1167 5215 lis
1178 5158 1212 5214 tle
1224 5156 1297 5213 lacto
1307 5166 1402 5224 certet,
1418 5172 1479 5228 quae
1496 5158 1611 5227 quaestio
1623 5158 1705 5228 juris,

1056 5251 1123 5319 Quae
1134 5252 1178 5307 vel
1193 5260 1261 5323 quet
1275 5250 1392 5321 species,
1410 5265 1471 5321 quac
1495 5250 1623 5320 simplex,
1637 5266 1734 5320 quaere
1749 5252 1845 5320 relata,

1055 5346 1156 5415 Quaere
1166 5346 1287 5403 relativae
1301 5352 1392 5415 partes
1404 5360 1411 5412 ;
1429 5359 1480 5400 cur
1494 5353 1601 5399 astruat
1612 5343 1659 5399 illa

1055 5440 1187 5497 Criminis
1198 5441 1348 5513 objectum,
1363 5437 1422 5496 baec
1434 5438 1594 5508 transierat,
1609 5439 1656 5495 illa
1668 5437 1792 5507 repellat,

1056 5534 1202 5608 Comparet
1219 5534 1288 5601 bec,
1302 5550 1381 5606 aequa
1394 5534 1499 5591 librans
1513 5533 1687 5589 incommoda
1700 5533 1797 5601 laeter

1057 5630 1180 5698 Qualiter
1194 5637 1318 5686 assumat
1333 5628 1471 5687 eovrtemio
1488 5627 1573 5685 robur
1588 5625 1728 5699 utrinque,
