3992 6042
228 238 265 297 pu
868 231 976 291 tunm
993 232 1039 290 ott
1055 230 1192 292 mutus
1477 239 1480 243 ’
1815 239 1868 296 loo

228 361 289 410 tatu
298 351 409 411 deliciis
421 350 526 410 rcierta
546 352 576 409 in
589 350 693 423 quibus
706 349 785 422 (quia
803 348 933 408 Christos
945 351 1022 407 dele·
1036 360 1059 416 Α
1073 351 1148 423 quod
1158 348 1318 407 insinuatur
1329 349 1404 422 quod
1421 348 1553 406 discretio
1577 347 1701 420 Virginis
1725 353 1866 409 contraria

227 451 319 500 ctatus
331 444 384 513 est)
395 442 509 499 inerunt
522 442 548 499 ei
573 441 655 513 quasi
684 439 768 497 ubera
794 455 810 497 a
831 441 934 512 quibus
952 457 1022 499 con-
1074 449 1135 498 erat
1150 440 1336 512 voluptatibus
1348 447 1377 496 et
1389 439 1535 496 illecebris.

229 532 314 588 trusit
326 532 486 604 specialiter
499 541 526 588 ει
549 530 735 603 iucunditatis
747 538 775 587 et
799 531 958 590 dilectionis
973 549 1024 605 pa·
1109 530 1195 601 Caput
1208 539 1284 585 tuum
1297 537 1326 584 ut
1340 527 1491 597 Carmelus,
1503 537 1529 584 et
1546 544 1629 585 corne
1638 530 1736 600 cupitis
1747 532 1786 585 tui
1800 532 1870 588 sicat

230 625 307 682 buln.
331 624 381 681 illa
405 623 519 681 luerunt
543 623 625 696 quasi
653 624 760 680 tinnuli
788 639 902 695 capreae.
916 623 1024 696 Caprea
1074 638 1194 693 purpura
1211 620 1548 694 reficianctacunclibus·

228 718 359 776 Christus
375 727 429 787 est,
448 717 515 790 quia
528 717 602 774 sicut
619 715 724 772 animal
746 717 812 773 illud
824 717 1024 789 perspicuitate
1111 712 1256 772 Carmelus
1271 714 1320 786 qui
1345 723 1374 769 et
1395 713 1523 770 Cbermcl
1547 711 1649 769 dicitur
1665 728 1747 771 mous
1768 724 1823 785 est,
1843 728 1871 774 ct

229 808 347 867 intuitus
375 808 524 882 insignitur
537 808 604 864 etlu
619 792 684 864 a'ltis
705 808 1024 878 commoratur,sic1lci
1076 805 1271 877 interpretatur
1300 807 1417 877 cognitio
1441 805 1654 863 circumcisionis
1673 815 1701 862 et
1729 808 1868 881 siguificat

228 898 317 957 Filius
332 899 359 956 in
376 899 536 957 cmlcstibus
551 893 809 967 babitat,et'omnia
824 914 875 957 sua
889 900 1024 972 sapientia
1075 896 1217 954 Cirristum
1242 898 1291 969 qui
1313 912 1378 953 vera
1393 897 1608 953 circumcisione
1620 897 1716 956 ildelcs
1740 915 1807 957 suos
1834 903 1870 957 ab

230 1001 365 1063 peuetm.
379 990 471 1064 liujus
490 989 548 1047 duo
561 989 671 1047 binnuli
686 1001 866 1062 suuteorpus
879 1000 907 1048 et
931 993 1025 1048 anima
1077 990 1208 1045 omnibus
1230 988 1305 1045 vitius
1327 987 1527 1045 circumcidere
1552 988 1693 1045 novitiis
1717 997 1762 1046 εει
1786 1001 1871 1060 caput

229 1084 350 1153 Christi,
364 1085 429 1156 quia
446 1084 521 1141 sicut
535 1083 645 1140 hinnuli
660 1100 676 1140 a
689 1099 788 1155 caprea
806 1083 1025 1157 prooeduntncc
1076 1079 1209 1154 Virginis,
1235 1079 1316 1151 cujus
1344 1095 1432 1138 coma
1459 1088 1525 1135 sunt
1544 1095 1642 1136 omncs
1673 1080 1778 1138 lidcles.
1803 1081 1871 1150 Quae

230 1173 266 1229 ab
290 1188 323 1229 ea
353 1172 497 1242 recedunt,
512 1173 569 1230 into
596 1174 681 1230 etiam
707 1175 879 1232 comitantur
909 1177 1027 1248 ejusque
1077 1174 1719 1246 comatinctaesuntsicutpsrpuroregis,quia
1736 1176 1871 1246 sauguine

231 1264 365 1321 uberibus
381 1266 531 1334 lactantur,
546 1265 588 1323 sic
608 1282 675 1323 caro
688 1266 792 1323 Christi
803 1268 839 1324 ab
865 1268 926 1339 ipso
944 1270 1027 1325 Chri·
1076 1268 1134 1324 teri
1159 1267 1232 1338 regis
1255 1266 1432 1322 decorantur.
1445 1262 1547 1319 daneta
1560 1264 1710 1321 carnalibus.
1726 1263 1779 1321 Per
1800 1281 1869 1337 pur·

230 1365 274 1413 sto
288 1354 406 1412 lormata
419 1357 568 1429 animaque
577 1367 672 1414 creata
687 1358 778 1428 ipsum
789 1368 946 1431 mquuutur
957 1376 1027 1416 eun·
1077 1376 1175 1431 puram
1203 1359 1306 1416 Christi
1335 1357 1440 1429 passio,
1463 1373 1514 1428 pcr
1532 1358 1645 1414 canales
1660 1358 1744 1413 corda
1774 1368 1869 1415 nostra

229 1455 285 1502 tem
304 1448 333 1503 in
345 1448 457 1516 ateium,
471 1456 500 1504 et
521 1449 558 1505 ab
576 1449 709 1507 uberibus
729 1450 884 1508 divinitatis
897 1450 961 1522 ejus
978 1452 1028 1508 de·
1078 1452 1279 1522 significantur.
1294 1450 1376 1519 Quia,
1394 1450 1467 1507 sicut
1478 1465 1528 1521 per
1545 1449 1656 1506 canales
1680 1464 1753 1521 antra
1767 1450 1869 1508 decur-

231 1537 398 1595 lectabiliter
414 1549 568 1610 pascuntur
580 1541 613 1595 ἰ.
628 1539 731 1597 Praetet·
744 1542 802 1598 lraec
816 1542 910 1599 omnia
1078 1559 1139 1600 rere
1152 1544 1231 1611 solet,
1245 1543 1283 1598 ita
1297 1559 1345 1614 per
1365 1542 1450 1599 corda
1466 1550 1561 1597 nostra
1573 1543 1752 1613 compunctio
1766 1557 1801 1599 es
1825 1559 1869 1600 re·

266 1628 372 1686 Collum
387 1641 464 1687 tuum
477 1633 548 1688 sicut
569 1634 652 1688 turris
664 1634 789 1689 eburneo.
1078 1636 1238 1692 cordatione
1251 1635 1389 1706 passionis
1412 1633 1527 1691 Christi.
1543 1632 1674 1705 iungitur
1689 1634 1782 1705 itaque
1801 1651 1869 1706 pur·

264 1720 362 1789 idest,
377 1724 502 1782 doctrina
515 1736 561 1784 tua
576 1743 631 1799 uua
646 1729 805 1786 instruxisti
828 1730 1023 1802 evangelistas,
1040 1721 1062 1777 Β
1076 1743 1146 1798 pura
1158 1728 1243 1800 regis,
1257 1729 1340 1784 idest
1354 1727 1447 1797 passio
1472 1725 1577 1783 Christi
1593 1726 1749 1795 canalibus,
1774 1728 1802 1783 id
1826 1738 1870 1785 est

230 1815 284 1875 luit
296 1818 376 1875 drma
390 1829 418 1876 ει
432 1820 461 1876 in
474 1821 551 1878 nullo
577 1822 722 1890 vacillans,
740 1822 768 1878 in
790 1824 868 1879 nullo
882 1823 1024 1894 dubitans,
1075 1817 1228 1875 humilibus
1251 1818 1382 1875 cordibus
1399 1817 1512 1884 ¹¹⁰⁸lilis
1538 1816 1650 1888 d⁰i¹id⁰
1673 1817 1741 1888 Ῑιιδῑι
1763 1818 1869 1874 Ῑΰῑῑιῐιῑῦ

230 1910 394 1980 simpliciter
413 1912 615 1980 decennonii
653 1914 782 1972 leuitatis
807 1914 976 1982 admiscens,
997 1924 1025 1971 et
1075 1909 1209 1965 cordibus
1223 1909 1328 1965 nostris
1343 1924 1408 1965 vera
1422 1908 1559 1964 etraritstc
1571 1906 1682 1964 cbristo
1697 1922 1779 1980 passo
1792 1923 1869 1964 con-

230 1999 259 2056 in
283 2002 360 2057 omni
385 2003 534 2059 sanctitate
559 2011 587 2059 et
610 2004 795 2061 sanctimonia
824 2005 937 2062 docens.
950 2004 1026 2062 Ebur
1075 2001 1216 2071 patimur,
1234 1999 1312 2071 quia,
1347 1999 1371 2055 si
1395 2000 1589 2071 compatimur,
1601 2006 1630 2054 et
1639 1998 1869 2071 conregnabimus

229 2092 304 2148 enim
322 2095 479 2151 castitatem
494 2103 522 2151 et
532 2095 698 2152 munditiam
723 2095 752 2152 in
767 2095 920 2168 Scripturis
937 2097 1025 2171 signi·
1075 2090 1122 2165 (ιι
1134 2090 1203 2147 Tim.
1214 2090 1393 2160 u).Etideo:

230 2183 303 2241 licat.
320 2183 456 2242 Similiter
1110 2183 1199 2250 Quam
1214 2181 1326 2253 palcina
1344 2200 1371 2239 cs
1385 2192 1411 2238 ct
1428 2199 1510 2254 quant
1524 2182 1632 2253 decora,
1653 2183 1822 2249 clarissima,
1840 2184 1869 2238 iu

264 2274 317 2349 41
332 2276 410 2333 Oculi
425 2278 464 2333 tui
479 2279 549 2335 sicut
562 2280 671 2352 piscina
684 2280 712 2335 iu
728 2279 859 2351 liescbou,
877 2296 952 2354 quae·
963 2288 1026 2337 taut
1076 2277 1198 2334 deliciis!

228 2368 258 2423 iu
268 2378 346 2439 porta
359 2369 424 2441 filia
437 2370 628 2428 multitudinis.
1112 2369 1201 2436 Quam
1217 2369 1331 2442 palcina
1346 2385 1374 2426 cs
1389 2371 1511 2428 exterius
1524 2387 1574 2443 pcr
1590 2373 1708 2430 activam
1724 2372 1825 2439 simin,
1842 2380 1868 2426 et

265 2458 474 2531 Oculillirginis
487 2463 618 2519 dicuntur
627 2463 682 2520 vita
696 2464 920 2538 contemplativa,
931 2466 1026 2523 etvita
1075 2476 1156 2532 guum
1169 2460 1267 2516 derra
1290 2461 1407 2518 interius
1419 2476 1469 2532 per
1485 2462 1745 2532 contemplativam!
1765 2461 1869 2516 muris·

229 2551 331 2618 activa,
343 2551 373 2607 in
386 2568 506 2625 quarum
523 2554 609 2612 alters
624 2557 731 2614 scilicet
744 2558 845 2627 aetina,
856 2557 932 2614 uidet
957 2558 1026 2630 quid
1076 2555 1146 2609 ιιιια
1157 2554 1185 2610 in
1200 2554 1320 2625 deliciis,
1335 2554 1416 2613 idest
1429 2554 1456 2610 in
1475 2555 1623 2612 dilectione
1639 2553 1687 2611 liei
1699 2563 1726 2610 et
1736 2553 1866 2626 proximu

229 2642 390 2713 agendum3
423 2644 452 2699 in
469 2645 555 2702 altera
573 2646 700 2704 videlicet
716 2649 940 2721 contemplativa,
957 2649 1025 2720 quid
1075 2645 1142 2716 quia

231 2730 412 2803 diligendum.
443 2732 507 2791 istae
524 2747 722 2808 corriperentur
754 2740 969 2812 piscinis3quia
997 2748 1026 2797 et
1111 2733 1224 2792 Statura
1240 2745 1288 2792 tua
1312 2736 1466 2792 assimilata
1481 2745 1521 2790 cst
1540 2735 1648 2806 palme,
1670 2741 1697 2789 ct
1718 2733 1799 2789 atera
1821 2741 1868 2788 tta

230 2821 371 2895 Virginem
386 2826 526 2897 spirituali
541 2827 693 2887 reiectione
704 2832 818 2901 satiant,
837 2842 894 2890 eta
914 2833 1025 2890 macula
1076 2828 1170 2885 botris.

229 2917 336 2987 pcccati
351 2917 540 2977 tiberinalia
562 2922 671 2977 suntin
685 2921 846 2992 deuterio
860 2932 906 2981 εει
922 2924 951 2981 iu
966 2925 1026 2980 cin·
1112 2919 1206 2977 Palma
1223 2920 1363 2979 horridam
1377 2918 1525 2993 quamdam
1543 2919 1662 2977 radicem
1676 2918 1768 2985 babet,
1785 2932 1868 2987 aspe-

229 3007 293 3081 galo
317 3011 462 3069 marcus:
481 3012 541 3069 baec
563 3013 637 3071 enim
668 3023 712 3071 cst
735 3015 925 3087 interpretatio
942 3017 1026 3089 bujus
1077 3029 1139 3070 rum
1152 3013 1295 3079 corticem,
1309 3013 1417 3070 roboris
1435 3013 1603 3079 firmitatem,
1623 3010 1724 3082 stipitis
1744 3010 1868 3081 proceri·

231 3098 365 3155 nominis.
382 3097 468 3172 lirgo
488 3102 564 3158 enim
586 3105 769 3174 quarrtumad
793 3107 912 3164 activam
937 3109 1023 3164 vitam
1076 3111 1172 3172 tatem,
1191 3104 1305 3176 pulclrra
1329 3106 1357 3161 in
1375 3105 1507 3174 culmine,
1534 3104 1704 3161 delectabilis
1728 3102 1757 3157 iu
1782 3101 1867 3170 tiore,

229 3190 349 3247 vallatur
361 3192 475 3265 cingulo
497 3195 639 3265 maeroris,
652 3212 703 3269 pro
717 3198 900 3257 diuturnitate
920 3201 1025 3258 laboris
1076 3199 1166 3256 dulcis
1182 3199 1211 3254 in
1230 3197 1450 3257 lructitlcatione.
1466 3197 1545 3254 Solet
1564 3199 1647 3253 etiam
1665 3195 1767 3253 dcicrri
1780 3194 1807 3249 in
1828 3192 1869 3251 si·

229 3290 259 3337 et
268 3281 397 3352 miseriae,
409 3294 436 3342 ει
446 3295 581 3357 quantum
593 3289 626 3344 ad
637 3291 879 3362 contemplativam
892 3307 943 3363 pro
954 3293 1026 3349 dila·
1075 3306 1159 3363 gnum
1172 3290 1304 3347 victoriae.
1319 3289 1431 3348 Statura
1449 3304 1515 3363 ergo
1533 3288 1652 3361 Virginis
1664 3288 1801 3360 gloriosa,
1812 3285 1867 3359 42

230 3372 305 3431 tione
318 3374 425 3444 patriae.
442 3374 509 3441 Qasr
519 3377 632 3445 piscina
644 3388 707 3435 saut
721 3381 749 3433 in
771 3389 851 3451 parts
867 3381 933 3452 filia
954 3384 1026 3439 mul·
1076 3381 1159 3437 idest
1175 3382 1315 3453 processio
1330 3383 1393 3438 vitae
1411 3383 1473 3454 ejus
1497 3381 1667 3438 assimilatur
1681 3380 1789 3452 paine.
1804 3378 1865 3450 ipsa

230 3463 364 3520 titudinis.
395 3463 499 3523 Sancta
527 3465 651 3524 Ecclesia
679 3479 754 3527 recte
777 3471 879 3528 dicitur
899 3473 1026 3530 multitu·
1075 3473 1150 3529 enim
1166 3474 1304 3543 processit
1313 3473 1348 3530 de
1362 3472 1456 3531 radice
1467 3473 1591 3540 horrida,
1611 3473 1639 3528 id
1654 3482 1696 3528 est
1710 3473 1745 3527 de
1766 3485 1867 3541 pecca·

229 3559 304 3617 diuis
322 3559 390 3629 illia,
408 3560 474 3631 quis
500 3562 728 3620 numerositatem
755 3566 876 3636 gentium
901 3568 1025 3638 quotidie
1076 3564 1145 3621 trice
1159 3563 1307 3638 synagoga
1325 3572 1454 3635 nunquam
1470 3565 1504 3621 de
1526 3564 1606 3635 spina
1631 3579 1706 3620 rosa.
1731 3564 1868 3634 Asperum

229 3652 346 3721 colligit.
360 3650 425 3709 ilaec
435 3659 516 3723 porta
528 3661 574 3710 cst
587 3654 655 3712 ildes
669 3655 714 3712 rel
729 3655 869 3713 lavacrum
883 3657 1024 3729 baptismi,
1076 3654 1325 3725 babuitcorticcm,
1337 3659 1548 3729 quiaquantum
1562 3658 1595 3714 ad
1610 3657 1768 3715 saecularem
1782 3656 1868 3711 bono·

230 3760 280 3817 per
304 3743 379 3816 quod
400 3751 475 3815 patet
491 3745 583 3802 aditus
609 3745 638 3802 in
654 3745 805 3805 Ecclesium
821 3746 880 3805 bei.
898 3747 928 3805 lu
946 3759 1025 3821 porta
1075 3762 1135 3804 rem
1162 3746 1217 3804 luit
1235 3748 1327 3818 bruna,
1348 3758 1482 3821 quantum
1507 3751 1664 3807 addititias
1691 3747 1866 3820 temporales,

229 3853 298 3910 crgo
315 3836 378 3893 ulia
389 3837 576 3896 multitudinis
591 3848 657 3896 sunt
669 3843 732 3899 istae
747 3842 880 3914 piscium
896 3843 963 3915 quia
975 3859 1025 3916 per
1075 3843 1245 3914 paupercula
1258 3860 1266 3911 ;
1283 3844 1330 3899 scd
1342 3842 1498 3899 firmitatem
1511 3843 1607 3899 babuit
1617 3843 1726 3899 roboris
1738 3856 1787 3912 per
1799 3855 1866 3895 corr-

233 3929 315 3987 lldem
344 3929 476 3988 Ecclesia
500 3943 699 4007 comparantur
730 3935 870 4006 predicta
900 3937 972 3994 rita.
1000 3937 1025 3992 A
1075 3936 1206 3992 stantiam
1222 3937 1331 3993 mentis.
1348 3934 1445 3992 Electa
1460 3933 1513 3992 luit
1523 3936 1552 3991 in
1562 3936 1664 4006 stipite,
1676 3936 1741 4007 quia
1755 3934 1789 3989 ad
1807 3949 1864 3990 coe·

230 4023 336 4080 simili:
839 4073 841 4077 ,
1076 4026 1132 4082 lum
1147 4041 1283 4096 suspensa
1296 4025 1380 4081 animi
1394 4025 1557 4082 intentione.

267 4114 360 4173 Nasus
391 4126 452 4173 tuus
488 4118 558 4173 sicul
583 4120 666 4175 turris
690 4119 805 4190 libani,
831 4137 891 4193 guoe
917 4122 1024 4194 respicit
1110 4116 1230 4173 Pulchra
1243 4118 1271 4172 in
1283 4116 1414 4183 culmino,
1431 4117 1458 4172 in
1479 4116 1645 4189 virginitatis
1660 4124 1687 4172 et
1699 4115 1864 4171 humilitatis

230 4217 324 4264 contra
338 4207 513 4266 damascum.
1075 4208 1249 4273 celsitudine,
1265 4206 1436 4264 delectabilis
1451 4207 1479 4262 in
1490 4206 1572 4273 dore;
1592 4206 1657 4277 quia
1679 4205 1740 4260 sine
1759 4218 1865 4259 εοιιιιι-

266 4299 444 4357 Parnasum
470 4301 607 4373 liguratur
634 4300 758 4376 Virginis
789 4304 938 4375 discretio,
968 4322 1024 4378 qua
1076 4297 1209 4371 piscentia
1224 4297 1351 4368 concepit
1362 4296 1459 4353 dorem
1483 4297 1585 4368 campi,
1604 4296 1733 4353 etlilium
1750 4296 1865 4351 consal-

230 4392 406 4449 discernebat
416 4392 533 4450 fetorem
556 4396 689 4452 uitiorum
709 4397 745 4454 ab
768 4398 854 4455 odore
876 4399 1021 4456 virtutum.
1039 4391 1153 4453 ulium.
1172 4390 1266 4448 Dulcis
1290 4390 1319 4446 in
1347 4390 1571 4458 ῐιιιΰῑῑῦΰθιῑθιθι
1586 4390 1652 4462 (1⁰¹²
1681 4390 1741 4445 ⁵¹³⁰
1760 4391 1865 4459 imi*

231 4481 302 4541 ilinc
316 4484 351 4518 ¹⁶·
375 4496 554 4556 comparatur
579 4489 650 4544 turri
673 4488 783 4558 Libani,
798 4491 865 4562 quia
888 4504 1020 4563 tanquam
1076 4483 1181 4555 peperit
1191 4483 1285 4540 mundi
1299 4482 1519 4555 Redemptorcm.
1535 4481 1686 4540 liacnobis
1702 4481 1866 4553 proponitur

230 4575 317 4632 turris
340 4575 524 4634 defendebat¹
546 4580 582 4635 ab
609 4581 770 4638 incursibus
799 4584 1020 4657 malignantium.
1077 4578 1626 4650 iusignumuictoriaetexemplunrmt,
1641 4579 1714 4632 sicut
1729 4573 1866 4645 ipsaviclt

231 4667 266 4724 Et
276 4670 345 4726 bcne
359 4671 428 4726 turri
440 4670 540 4728 Libani
564 4673 665 4729 similis
680 4674 792 4730 dicitur.
806 4674 930 4731 Libanus
946 4676 1020 4732 cuim
1077 4670 1221 4735 munitm.
1237 4668 1549 4740 ιθιῦιῑΰΰιιΰῑιιῡιῑιιιι
1567 4667 1603 4723 ῑῑι
1617 4676 1644 4724 θῑ
1657 4682 1708 4723 ¹¹⁰⁵
1721 4665 1866 4720 liminius

152 4744 160 4755 ’
231 4759 388 4816 candidatio
404 4761 609 4833 interpretatur,
625 4764 689 4835 quia
717 4781 777 4822 cam
802 4767 1022 4841 candoretirgi-
1074 4760 1152 4832 Iutta
1165 4776 1248 4832 posse
1264 4771 1402 4818 nostrum.
1417 4760 1452 4816 m
1466 4761 1546 4815 ariera
1558 4770 1604 4815 tua
1617 4760 1716 4829 botris,
1737 4758 1819 4829 quia,
1835 4767 1864 4813 ut

231 4852 328 4908 uitatis
340 4855 505 4911 venustabat
523 4863 552 4911 ει
562 4865 660 4913 contra
674 4858 741 4914 sitia
766 4859 941 4916 defendebat.
957 4858 1022 4918 idac
1074 4856 1203 4927 superius
1218 4854 1351 4925 diximus,
1368 4856 1452 4913 obern
1468 4856 1561 4913 liariae
1571 4854 1703 4910 dicuntur
1719 4855 1864 4925 virginitas

230 4952 326 5001 contra
337 4943 505 5003 Damascum
515 4950 772 5025 respiceredicitur.
781 4951 933 5010 Damascus
945 4953 1020 5008 enirn
1074 4958 1103 5005 et
1117 4949 1271 5016 lrumilitas,
1296 4951 1323 5004 in
1349 4950 1452 5020 unibus
1471 4948 1623 5006 delectatus
1643 4958 1686 5005 est
1711 4948 1861 5004 Christus:

230 5036 369 5106 acuminis
381 5045 459 5106 potus
473 5038 517 5093 uel
534 5041 672 5111 sanguinis
692 5043 785 5099 oculas
813 5043 1020 5116 interpretatur,
1075 5055 1136 5113 quae
1150 5040 1231 5097 uobis
1255 5042 1395 5113 proposita
1415 5043 1534 5100 suntad
1555 5042 1762 5099 informandum
1779 5053 1806 5099 et
1817 5043 1862 5099 iu-

230 5125 294 5185 ideo
313 5126 451 5199 significat
472 5131 628 5203 voluptates
642 5144 671 5191 ct
684 5135 827 5194 illecebras
849 5135 952 5204 earnis,
971 5150 1022 5207 pcr
1075 5133 1236 5189 struendum
1253 5142 1283 5190 ιιι
1296 5149 1447 5206 sequamur
1467 5137 1581 5208 vestigia
1609 5136 1680 5208 eius,
1697 5136 1732 5192 Et
1751 5150 1863 5206 compa-

876 5290 995 5347 vllttAE
1015 5290 1215 5349 autumnus.

230 5433 254 5468 ι·
269 5432 323 5490 ιιι.
340 5434 431 5493 Vilior
445 5439 489 5495 iric
509 5438 652 5511 adiungit:
666 5454 737 5509 qrras
750 5455 892 5511 nunquam
915 5440 1022 5497 dimisit
1041 5454 1075 5496 cx
1098 5453 1156 5509 quo
1171 5417 1332 5508 assumpsit,
1348 5435 1480 5507 quidquid
1493 5436 1566 5492 euim
1581 5436 1648 5494 boni
1666 5437 1749 5495 babet
1769 5434 1861 5491 anina

230 5503 273 5560 vel
286 5518 363 5572 caro,
377 5507 486 5590 habeta
505 5508 553 5565 bei
566 5507 667 5565 verbo.
686 5510 733 5593 Sic
749 5524 825 5637 crgo,
841 5511 894 5594 dac
914 5510 996 5566 ubera
1012 5510 1144 5581 Virginis,
1164 5518 1229 5566 suut
1249 5510 1318 5563 sicut
1345 5511 1398 5563 duo
1411 5507 1515 5562 diurnali
1530 5525 1618 5580 cupre
1644 5509 1717 5580 qued
1733 5506 1816 5577 llirgn
1833 5523 1861 5561 ru

232 5587 348 5642 corpore
359 5582 386 5630 et
400 5591 491 5632 amma
505 5581 615 5650 corpori
626 5588 654 5635 et
667 5594 767 5637 arrrmae
807 5580 887 5639 busti
900 5592 944 5640 est
956 5580 1138 5639 conformata.
1172 5576 1378 5656 ¹·'0dS.„baeo.
1414 5577 1515 5634 'idem
1529 5595 1664 5647 ms.,canr
1685 5577 1859 5637 defendebat.

267 5643 277 5674 ⁸
292 5638 366 5715 lis„
379 5659 427 5735 pro
442 5661 522 5718 poena
542 5649 742 5732 lubetdolorc.
