3992 6042
253 228 304 291 bii

255 343 509 412 Ratmmundanum
526 351 583 400 toto
597 342 833 401 conamine-risus

253 438 337 512 368
352 436 515 509 Vestigans,
529 436 569 490 nil
583 450 746 507 corporeum
760 446 877 505 certata,
891 437 938 494 sed
951 438 1023 495 ultra

185 603 188 609 ,
254 516 479 588 Transscenderis
498 530 651 600 incorporei
665 539 786 586 scrutata
805 530 935 587 latentem

253 622 393 688 Causam,
409 619 574 690 principium
592 636 684 675 rerum
699 619 836 691 finemque
852 623 994 693 requirens

257 713 366 769 Visibus
379 711 493 766 oilertur
505 711 667 781 phronesis,
683 713 828 783 risumque
841 716 931 770 nitore

253 808 379 865 Luminis
392 807 534 864 ollendcns
548 819 668 863 mentem
685 809 807 864 novitate
823 809 938 865 relaxat.

253 898 308 967 Nec
320 901 437 967 miram,
454 901 584 971 quoniam
601 909 678 956 tanto
692 899 797 972 iulgore
812 900 920 956 decoris

253 991 433 1059 Praemium,
448 1000 480 1046 ut
494 992 586 1047 stelias
602 993 728 1063 praditct
744 993 868 1065 fulgure,
882 994 974 1049 lumen

253 1080 370 1139 Lumine
384 1082 591 1152 multiplicans,
606 1093 635 1138 et
646 1085 733 1139 iucem
749 1083 827 1152 luce,
844 1098 895 1139 nee
910 1082 962 1154 ipsi

253 1174 358 1232 Lumen
373 1176 530 1247 adoptivum
546 1176 640 1246 largiri
654 1186 745 1233 cesset
761 1178 882 1249 olympo.

252 1266 296 1325 Nil
311 1278 441 1326 terrestre
454 1286 552 1342 gerens
568 1270 658 1339 iacic,
674 1272 714 1326 nii
728 1286 775 1327 ore
788 1271 923 1327 caducum

253 1359 417 1430 insinuans,
436 1364 552 1419 mortale
567 1364 653 1432 nibil,
668 1366 845 1436 genitumque
860 1364 958 1435 puellae

254 1451 430 1509 Demonstrat
445 1453 544 1523 iacies,
559 1464 665 1511 tautum
686 1457 814 1523 coeieste,
830 1457 904 1527 quod
927 1457 1008 1515 offert

252 1544 354 1602 Forma
369 1547 499 1616 puellaris
516 1568 523 1603 ι
538 1549 610 1605 hanc
628 1560 788 1621 argumenta
803 1551 912 1607 decoris

257 1636 325 1693 Esse
338 1637 416 1693 deam
430 1647 605 1707 monstrant3
622 1640 752 1695 instantia
768 1640 843 1696 uuila
857 1639 973 1709 reieiiit,

873 197 996 285 amm
1014 229 1059 287 ou
1078 227 1216 288 msuns

1056 347 1080 408 Α
1097 344 1212 418 Singula
1224 344 1394 412 describens,
1411 352 1439 401 et
1450 345 1534 403 certis
1545 343 1655 401 sinibus
1663 352 1772 415 aptans.
1859 384 1862 390 -

1804 232 1888 293 ‘53

1091 435 1148 494 Nec
1162 436 1243 494 lonis
1254 437 1312 493 sola
1323 438 1389 493 dicti
1406 439 1521 503 ratione,
1533 438 1581 493 sed
1596 437 1685 507 ipsum

1092 529 1186 585 Robur
1200 528 1335 597 subsistit,
1350 540 1452 585 aeterrto
1468 529 1599 586 robore⁸⁸
1610 530 1711 589 nitens.

1093 623 1173 679 Solus
1182 625 1244 695 jure
1254 634 1362 695 potens,
1374 624 1421 693 qui
1433 638 1539 679 summa
1551 618 1681 693 potentia,
1697 625 1774 682 soltrs

1092 717 1195 773 Cuncta
1207 724 1306 788 potest,
1321 731 1402 786 aquo
1413 716 1535 787 procedit
1550 730 1630 785 posse
1642 725 1795 786 potentum.

1091 808 1147 865 Nec
1161 810 1249 865 solum
1262 810 1320 866 loca
1332 818 1430 866 cuneta
1440 807 1536 879 replet,
1551 808 1600 864 sed
1615 808 1724 878 singula
1737 811 1814 868 solus
1896 813 1902 857 ἱ

1092 902 1165 958 inira
1176 918 1206 958 se
1220 903 1331 970 claudit,
1344 901 1423 974 quasi
1439 912 1510 956 meta
1520 900 1652 971 locusque
1664 900 1799 959 iocorum.

1093 993 1143 1050 iiic
1157 995 1266 1065 legitur,
1282 1005 1372 1051 tamen
1390 994 1519 1060 obscure,
1535 993 1665 1063 tenuique
1675 993 1773 1066 ligura,

1094 1088 1219 1156 Qualiter
1235 1103 1301 1155 una,
1315 1092 1442 1154 maneus,
1462 1087 1588 1157 simplex,
1611 1095 1724 1155 aeterna,
1746 1098 1885 1161 potestas,

1093 1179 1179 1248 Fons,
1197 1181 1338 1251 splendor,
1353 1180 1469 1251 species,
1481 1179 1537 1247 via,
1549 1179 1648 1245 virtus,
1660 1178 1734 1244 linis,
1746 1180 1835 1251 orire,

1094 1271 1235 1345 ingenitus
1253 1271 1360 1343 genior,
1375 1271 1470 1327 virens
1481 1268 1564 1337 Deus,
1583 1270 1683 1327 unicus
1698 1281 1807 1341 auctor,

1093 1361 1172 1419 Unus
1186 1364 1214 1422 in
1229 1363 1302 1430 usia,
1312 1362 1439 1433 personis
1455 1361 1554 1426 trinus,
1571 1362 1598 1417 in
1611 1378 1667 1419 uno

1093 1454 1197 1513 Unicus
1214 1472 1275 1513 esse
1287 1465 1387 1522 manet,
1404 1471 1465 1527 quae
1476 1456 1547 1510 trina
1563 1457 1659 1512 relatio
1671 1457 1774 1513 trinum
1869 1484 1872 1487 ·

1093 1549 1201 1617 Reddit,
1213 1558 1240 1604 et
1255 1549 1282 1604 in
1295 1551 1368 1604 trino
1383 1558 1476 1604 uranei
1491 1563 1573 1615 unus,
1592 1548 1717 1604 trinusin
1729 1563 1808 1606 uno:
1832 1570 1834 1573 ’

1093 1644 1152 1712 Qua
1168 1644 1272 1699 ratione
1286 1641 1376 1698 Patris
1389 1642 1542 1712 speculum,
1553 1642 1611 1707 lus,
1628 1642 1767 1713 splendor,
1775 1641 1879 1712 imago.

253 1728 332 1796 Quod
347 1730 431 1787 decor
444 1733 502 1803 ipse
514 1734 628 1803 probat,
649 1733 790 1805 faciesque
804 1733 944 1790 simillima
958 1732 1039 1789 ereio.
1058 1704 1180 1795 BFilius
1191 1746 1243 1805 est,
1258 1752 1273 1792 a
1288 1736 1369 1791 Patre
1378 1735 1446 1802 Deo,
1462 1736 1535 1792 Deus
1548 1752 1621 1792 uirus
1634 1745 1661 1791 et
1676 1734 1759 1802 idem,

252 1820 405 1879 iniiammat
416 1825 545 1881 diadema
558 1837 657 1896 caput,
673 1827 798 1896 lampade
813 1827 901 1882 multa

253 1915 432 1974 Gemmarum
452 1918 564 1975 radians
580 1934 648 1975 auro
664 1919 832 1986 flammatur,
848 1930 876 1976 et
894 1928 971 1977 extra

254 2009 414 2068 Scintillam
428 2013 550 2083 lapidum
564 2014 694 2070 duodeno
710 2014 799 2069 sidere
814 2013 908 2086 fulget.

251 2103 366 2160 Librum
380 2111 477 2162 dextra
501 2108 589 2179 gerit,
604 2119 741 2180 sceptrum
756 2109 848 2180 regale
860 2110 971 2167 sinistra

252 2196 362 2265 Gestat,
375 2201 451 2256 etad
471 2200 573 2256 librum
589 2201 753 2274 plerumque
767 2202 885 2258 recurrit
898 2203 1014 2260 ocellus.

252 2288 306 2346 Sed
321 2306 384 2346 raro
402 2292 474 2348 redit
488 2294 522 2349 ad
535 2294 641 2364 virgam
654 2336 661 2361 ,
675 2296 841 2366 tandemque
859 2305 1022 2353 reveneris*

250 2381 356 2437 Circuit
371 2382 417 2439 ille
432 2400 544 2440 manum
558 2386 672 2452 sollers,
689 2402 724 2442 ne
738 2387 806 2442 laeva
818 2387 927 2443 vacillet

252 2472 442 2530 Succumbeus
453 2476 530 2531 oneri
543 2475 644 2546 virgae,
658 2486 853 2547 sceptrumque
865 2479 996 2551 resignet.

250 2562 360 2620 claudit
373 2580 435 2622 eam
450 2568 534 2625 restis
549 2583 618 2623 auro
633 2567 764 2642 perlusa,
778 2569 918 2640 refulgens

250 2657 388 2730 Argenta,
404 2661 467 2733 pius
481 2670 559 2719 reste
574 2662 693 2730 decens,
711 2663 861 2733 habituque.
875 2663 980 2719 decenti

251 2751 372 2821 Gratim,
387 2762 496 2826 et'puro
510 2755 573 2812 cteli
590 2753 740 2827 fulgentior
753 2765 848 2823 astro,

250 2845 339 2913 Quam
353 2846 446 2903 divina
467 2863 583 2917 manus,
600 2857 628 2906 et
640 2849 736 2907 sollers
749 2850 845 2914 dextra
860 2849 988 2908 Minervae

251 2937 370 3008 Texuit,
385 2951 415 2997 ut
431 2939 528 2998 formae
543 2942 623 3000 nobis
636 2946 751 3015 exponit
770 2945 910 3002 honestas.

251 3030 303 3088 ilic
320 3048 424 3089 arcana
441 3033 508 3103 Dei,
524 3035 624 3092 divinae
635 3038 738 3094 mentis
751 3038 899 3111 abyssum,

250 3119 369 3180 Subtilis
383 3124 516 3181 describit
531 3142 615 3195 aeus,
628 3127 773 3200 lormaque
788 3131 888 3201 Dgurat

248 3208 410 3281 Iuturnam,
422 3212 495 3269 locat
506 3215 684 3286 immensum,
694 3228 887 3293 monstratque
896 3221 1038 3281 latentem.

248 3302 519 3380 incircumscriptum
534 3311 682 3379 describit,
697 3312 804 3369 risibus
819 3313 899 3369 offert

248 3394 386 3469 Invisum,
399 3401 475 3470 quod
489 3402 583 3473 lingua
595 3404 705 3474 nequit,
720 3405 828 3473 pictura
848 3404 873 3436 ⁸⁸
885 3404 996 3463 latetur.

247 3487 393 3557 Quomodo
408 3504 513 3548 naturae
525 3494 665 3563 subtectus
680 3510 770 3550 sermo
784 3498 931 3566 stupescit,

248 3581 319 3637 Dum
332 3591 420 3638 tentat
433 3584 526 3638 diviua
538 3585 624 3659 loqui,
639 3586 768 3658 viresque
784 3589 914 3660 loquendi

247 3671 359 3741 Perdit,
374 3676 448 3739 etad
463 3684 584 3732 veterem
598 3679 675 3748 cupit
690 3679 736 3736 ille
750 3695 891 3741 recurrere
909 3701 1037 3757 sensum,

247 3764 458 3837 liutescuutque
474 3770 535 3825 soni
550 3771 596 3826 vix
610 3770 747 3830 balbutire
761 3774 901 3845 valentes,

247 3853 341 3926 Deque
356 3870 429 3912 rtovo
444 3873 526 3916 sensu
542 3860 682 3933 deponunt
695 3865 777 3921 rerba
791 3869 943 3937 quereiam.

248 3945 374 4014 Qualiter
386 3946 445 4019 ipse
459 3947 534 4007 Deus
546 3953 573 4007 in
590 3968 620 4009 se
632 3953 707 4025 capit
719 3958 811 4012 omnia
824 3974 916 4014 rerum

246 4037 381 4106 Nomina,
401 4055 463 4111 quae
475 4056 531 4097 nou
549 4043 609 4114 ipsa
624 4042 673 4099 Dei
688 4056 787 4102 natura
798 4058 926 4117 recusat;

246 4130 354 4188 Cuncta
368 4141 460 4190 tamen
475 4133 614 4191 mediante
628 4145 723 4207 tropo,
743 4138 863 4196 dictante
878 4142 964 4212 ligura

248 4223 388 4294 Sustinet,
405 4235 433 4282 et
446 4241 529 4284 voces
542 4243 627 4300 puras
643 4231 703 4287 siue
718 4233 801 4289 rebus
814 4233 937 4305 adoptat.

245 4315 304 4373 iius
315 4317 422 4389 lustum
439 4319 500 4376 sine
513 4320 734 4391 justitia,airens
749 4325 809 4381 sine
823 4325 894 4395 rita3

245 4407 415 4481 Principium
427 4411 487 4469 siue
497 4415 647 4486 principio,
661 4417 724 4475 linis
736 4420 795 4474 sine
806 4420 859 4477 line
885 4431 892 4484 t

245 4500 400 4561 immensus
413 4504 473 4560 sine
489 4521 636 4574 mensura,
649 4509 708 4564 siue
720 4511 819 4575 robore
831 4512 930 4581 iurtis;

246 4593 358 4666 Absque
369 4596 463 4668 vigore
472 4607 581 4668 potens,
593 4598 653 4655 sine
664 4611 740 4656 motu
753 4612 852 4659 cancta
863 4604 1034 4676 gubernaus;

244 4687 358 4760 Absque
384 4689 446 4747 loco
471 4689 533 4747 loca
559 4703 660 4749 cuncta
681 4694 809 4766 replens,
834 4698 894 4754 sine
915 4708 1036 4777 tempore

863 4788 997 4862 [durans3

245 4875 357 4950 Absque
368 4878 422 4934 situ
436 4878 581 4948 residens,
596 4880 708 4939 habitus
725 4884 839 4955 ignarus
854 4884 981 4941 babendo

244 4971 350 5029 Cuncta
364 4973 458 5040 simul,
471 4975 531 5031 sine
542 4990 610 5031 soce
620 4977 746 5049 loquens,
759 4978 819 5035 sine
831 4994 899 5050 pace
910 4980 1032 5051 qnietus;

245 5063 354 5136 Absque
365 5081 436 5122 noro
448 5066 594 5137 splendore
605 5066 705 5138 nitens,
721 5070 781 5127 sine
797 5070 858 5128 luce
871 5086 1032 5129 coruscans.

245 5156 327 5228 369
340 5156 394 5215 Nee
409 5159 497 5216 solum
511 5159 603 5231 justus
615 5175 677 5216 vera
693 5164 809 5231 ratione,
823 5163 871 5219 sed
885 5162 943 5235 ipsa

244 5246 354 5306 institia
365 5259 416 5319 cst,
431 5268 482 5309 nec
495 5254 584 5310 solum
595 5252 703 5310 lucidus
716 5255 784 5325 ipse,
801 5257 850 5312 sed
866 5257 925 5327 ipsa

245 5338 305 5397 Lus
320 5352 362 5398 cst
374 5352 454 5401 nocte
469 5360 578 5412 carens,
598 5361 649 5403 nec
662 5347 750 5405 solum
766 5348 877 5404 nomine
890 5350 948 5406 solo

246 5429 351 5490 Dicitur
366 5436 529 5502 immensus,
543 5451 637 5492 rernm
655 5453 796 5506 mensura,
809 5439 912 5496 caduca

1092 1829 1260 1902 Principium
1271 1831 1304 1886 de
1318 1828 1462 1901 principio,
1479 1829 1513 1885 de
1524 1828 1627 1883 iumine
1635 1829 1737 1894 iumen,

1094 1920 1140 1977 Sol
1150 1921 1183 1976 dc
1197 1922 1255 1977 sole
1266 1921 1382 1986 micans,
1397 1918 1527 1991 splendor
1537 1918 1688 1989 productus
1701 1918 1735 1974 ab
1751 1918 1825 1991 igne.

1093 2012 1208 2068 Asimili
1225 2012 1336 2080 similis,
1351 2024 1367 2065 a
1382 2026 1445 2066 vcro
1456 2025 1548 2073 verus.
1562 2010 1598 2065 ab
1612 2025 1668 2067 uno

1094 2105 1181 2171 Unus,
1196 2108 1231 2163 ab
1243 2115 1346 2163 aeterno
1360 2120 1478 2161 nascens
1491 2114 1619 2171 aeternus,
1636 2103 1671 2159 ab
1681 2114 1760 2176 ‘aequo

1092 2200 1229 2273 AEqaalis,
1247 2202 1337 2256 bonus
1348 2216 1366 2255 a
1377 2213 1496 2265 summo,
1509 2197 1636 2254 sublimis
1652 2196 1687 2252 ab
1697 2197 1772 2253 altos

1092 2294 1215 2360 Qualiter
1229 2293 1321 2357 ardor,
1336 2307 1426 2358 amor,
1439 2290 1598 2356 concordia,
1615 2289 1713 2357 torma,
1726 2290 1842 2346 duorum

1093 2386 1212 2459 Spiritus
1223 2394 1276 2451 est,
1289 2386 1318 2440 in
1337 2400 1392 2456 quo
1411 2383 1521 2454 proprie
1533 2382 1613 2437 Pater
1626 2382 1721 2438 oscula
1737 2381 1808 2452 proli

1092 2476 1190 2542 Donat,
1205 2484 1233 2531 ct
1247 2476 1274 2530 in
1288 2482 1353 2529 nato
1368 2490 1429 2530 sese
1439 2471 1522 2529 Pater
1533 2472 1647 2538 invenit,
1660 2472 1687 2527 in
1700 2486 1755 2542 quo

1092 2571 1128 2627 Se
1138 2571 1211 2627 videt
1221 2569 1279 2641 ipse
1294 2584 1404 2640 pareus,
1416 2566 1482 2624 dum
1495 2566 1529 2623 de
1539 2566 1700 2623 seuascitur
1715 2566 1773 2637 ipse

1093 2663 1181 2730 Alter,
1197 2674 1225 2719 et
1236 2661 1359 2734 ingenito
1368 2660 1491 2733 splendet
1504 2658 1641 2731 gignentis
1655 2657 1758 2729 imago.

1386 2790 1502 2849 CAPUT
1516 2788 1561 2846 tt.

1091 2911 1240 2968 Prudentia
1255 2908 1423 2981 Titeologianr
1434 2907 1546 2963 salutat.
1561 2906 1627 2977 Eine
1640 2906 1767 2961 daretem
1790 2905 1879 2977 repei-

1127 2985 1173 3039 rit.
1193 2981 1304 3037 Itirtrrr'a
1316 2997 1423 3035 eausam
1436 2979 1539 3050 pandit.
1554 2977 1693 3032 Hominem
1707 2976 1812 3032 beatam
1824 2978 1880 3048 [or-

1054 3046 1078 3109 C
1127 3056 1197 3109 muri
1208 3052 1340 3108 desiderat
1355 3048 1473 3105 Natura.
1488 3047 1601 3103 Naturae
1622 3058 1736 3118 potestas
1748 3047 1876 3106 limitata.

1126 3126 1225 3180 ditiore
1236 3125 1336 3191 petitur
1350 3122 1492 3177 uirtutibus
1503 3119 1624 3174 amitibus
1638 3120 1764 3189 predita.

1090 3218 1218 3275 cultibus
1235 3217 1279 3273 bis
1294 3218 1384 3272 adlata
1398 3215 1454 3286 poll
1468 3214 1563 3286 regina
1575 3214 1679 3270 caduca

1090 3309 1208 3377 Deserit,
1226 3318 1310 3378 atque
1324 3306 1373 3363 Dei
1387 3315 1525 3363 secretum
1537 3305 1668 3373 consulit,
1682 3306 1769 3363 baeret

1089 3402 1207 3470 Divinis,
1224 3409 1343 3457 mentem
1359 3401 1474 3456 terrenis
1488 3400 1591 3455 excitat
1602 3400 1635 3465 ⁸¹,
1647 3399 1737 3471 ipsam
1767 3435 1769 3438 -

1089 3495 1187 3551 Haurit
1201 3503 1293 3550 mente
1310 3509 1404 3566 noym,
1419 3494 1506 3549 divini
1522 3492 1644 3548 Duminis
1654 3493 1755 3549 baustu

1088 3586 1169 3643 Ebria
1188 3587 1236 3643 sed
1255 3587 1345 3658 potius
1358 3585 1466 3642 dicatur
1476 3584 1568 3641 sobria
1586 3598 1728 3656 :namque

1088 3678 1213 3736 Ebrietas
1228 3694 1347 3735 nascens
1360 3694 1394 3735 ex
1406 3677 1453 3734 tali
1464 3685 1576 3734 nectare
1586 3676 1667 3750 plena

1089 3771 1243 3828 Sobrietate
1258 3771 1340 3843 viget,
1353 3786 1403 3827 nee
1417 3778 1536 3826 mentem
1551 3772 1624 3839 cogit
1634 3770 1670 3826 ab
1684 3785 1749 3826 usu.

1088 3860 1259 3933 Degenerare
1273 3877 1342 3930 suo;
1355 3877 1449 3918 verum
1462 3862 1624 3933 generosius
1637 3863 1725 3933 ipsam

1086 3953 1184 4026 Erigit,
1203 3969 1337 4011 exercens
1350 3955 1373 3991 ⁸⁸
1385 3964 1488 4010 nostra
1502 3956 1630 4027 contagia
1651 3955 1750 4011 sordis.

1086 4045 1164 4105 lianc
1180 4047 1277 4103 humili
1297 4062 1406 4119 gressa,
1421 4049 1499 4103 uultu
1512 4049 1662 4112 submissa,
1680 4047 1805 4103 modesta

1087 4141 1225 4208 Gestibus,
1242 4140 1399 4211 assequitur
1408 4142 1565 4212 phronesis,
1592 4142 1737 4213 primoque
1758 4141 1874 4200 salutent

1086 4232 1215 4288 Delibans
1229 4232 1276 4287 lali
1288 4233 1377 4305 pingit
1392 4244 1523 4304 concepta
1540 4234 1647 4305 loquela
1671 4251 1679 4264 ·

1085 4322 1216 4395 Dregina
1230 4326 1361 4396 poli,coeli
1376 4325 1436 4393 dea,
1453 4327 1509 4382 lilia
1524 4328 1624 4384 summi

1051 4390 1074 4445 ⁰
1086 4417 1207 4473 Artificis
1218 4435 1226 4473 r
1239 4433 1291 4474 nee
1302 4418 1376 4473 enim
1394 4417 1479 4475 iacies
1493 4418 1727 4475 dirinaeaducam

1087 4508 1125 4566 Te
1137 4509 1226 4578 ducet,
1238 4520 1287 4568 aut
1300 4513 1386 4568 nostri
1400 4513 1508 4583 generis
1519 4512 1625 4568 deferre
1636 4512 1759 4569 lituram.

1086 4602 1174 4671 Quam
1189 4604 1289 4676 probat
1305 4620 1366 4661 esse
1388 4602 1470 4660 Deam
1494 4605 1596 4672 vultus,
1615 4613 1809 4678 sceptrumque
1833 4600 1874 4659 ia·

1742 4696 1836 4770 [tetur.

1087 4789 1231 4861 Reginam,
1241 4801 1389 4863 natansque
1400 4791 1456 4847 Deo
1472 4801 1517 4847 tua
1532 4790 1619 4863 gloria
1630 4798 1784 4857 monstratt

1085 4883 1136 4938 Cui
1150 4899 1280 4954 superum
1295 4886 1386 4952 sedes,
1397 4884 1460 4940 coeli
1471 4884 1528 4950 ria,
1542 4883 1622 4939 limes
1634 4882 1748 4954 olympi,

1085 4974 1168 5046 370
1178 4974 1418 5033 Extramnndanus
1431 4977 1517 5041 orbis,
1532 4977 1662 5046 regioque
1671 4973 1802 5031 Tonantis

1085 5067 1154 5133 Tota
1167 5078 1269 5139 patent,
1276 5068 1429 5139 soliumque
1441 5068 1498 5135 Dei,
1507 5067 1726 5139 latumquequod
1734 5070 1805 5126 ultra
1813 5077 1868 5136 eset

1084 5157 1127 5215 lie
1138 5161 1394 5231 moderareragam,
1410 5160 1546 5230 stupidam
1561 5175 1634 5233 rege.
1644 5162 1712 5218 siste
1720 5160 1870 5231 timentem,

1084 5251 1278 5325 indoctamque
1289 5255 1367 5323 doce,
1380 5254 1531 5309 tluitantem
1545 5255 1663 5325 corripe,
1676 5255 1784 5312 tristem

1084 5344 1214 5415 Laetilica,
1227 5346 1349 5418 gaudens
1361 5345 1505 5418 peregrino
1520 5347 1643 5416 consule,
1659 5355 1782 5419 emplum

1106 5442 1198 5508 errice,
1214 5446 1357 5506 uineae-m
1372 5441 1462 5508 Dama,
1478 5456 1608 5498 succurre
1626 5439 1738 5499 cadenti

916 5575 1029 5646 itere
1047 5574 1246 5634 Lectiones*

280 5680 420 5754 ”rtem
434 5688 592 5761 scriptura„
619 5691 641 5724 ⁸⁸
662 5689 714 5748 Rs.
730 5691 775 5761 L,
793 5689 904 5750 sistens.
942 5692 965 5727 '⁷
978 5693 1030 5749 ils.
1055 5691 1099 5767 l'.,
1112 5702 1196 5753 exuit.
1219 5694 1258 5768 ⁴⁸⁸
1271 5689 1394 5752 Elimaus
