3992 6042
142 229 196 287 tae

144 343 176 401 tn
187 358 329 416 proprioru
344 344 427 399 donet
438 344 520 399 donis
532 343 647 398 mistura
663 356 792 413 parerem
807 382 815 406 ,

145 437 237 495 Solers
253 437 363 492 llatnrae
377 437 509 502 studium,
524 451 586 506 quae
596 435 705 506 singula
719 433 838 503 sparsim

144 532 257 588 llunera
273 530 428 586 contulerat
438 528 511 593 aliis,
528 526 669 584 concludit
680 527 708 580 in
722 541 808 579 unuin
823 543 830 590 ς

143 624 225 680 (ludit
241 636 323 691 opus,
338 636 389 691 per
402 621 475 691 guod
491 620 569 690 operi
586 617 763 673 concluditur
776 615 863 669 omni.

141 712 262 771 Pristina
273 713 313 768 sic
325 726 438 782 operum
452 719 563 780 peccata
576 715 705 778 repensat
721 706 747 759 in
764 719 829 769 uno,

141 804 180 861 lit
192 804 266 876 quod
280 802 397 873 deliquit
413 801 494 866 alias,
509 806 671 871 compenset
685 799 713 851 in
726 797 791 852 isto.

142 895 285 965 Supplicat
298 892 362 947 huic
377 893 465 963 operi,
482 891 620 946 famulans
634 904 704 960 opus
715 903 797 944 omne
811 887 932 953 decoris,

142 986 177 1041 Et
190 995 264 1045 tanta
282 986 398 1056 cupiens
408 982 504 1038 restiri
520 982 584 1038 dote
598 981 719 1047 laseris,

142 1079 252 1136 incudis
264 1077 390 1147 deposcit
402 1091 481 1146 opem
491 1093 498 1141 ;
510 1075 557 1131 sed
573 1074 645 1131 lessa
658 1075 768 1130 laborat

140 1171 233 1239 lucus,
251 1187 312 1240 quae
326 1178 417 1225 tantos
429 1170 502 1223 vires
514 1168 644 1236 expendit
665 1170 693 1222 in
714 1182 791 1227 usus.

140 1268 221 1326 Ultra
234 1282 295 1324 sese
309 1281 390 1337 posse
404 1266 495 1321 studet
510 1262 624 1328 Natura,
641 1276 778 1332 suumque

141 1361 234 1431 Supra
248 1374 278 1415 se
296 1357 408 1413 metitur
420 1372 502 1426 opus,
523 1355 563 1411 sic
576 1355 686 1410 vincere
703 1353 791 1408 iertur

139 1454 270 1510 Artitices
284 1451 367 1517 alios,
382 1449 457 1519 quod
469 1464 499 1504 se
514 1462 647 1519 superare
660 1445 771 1501 latetur.

138 1545 198 1601 Nec
211 1545 318 1601 subitos
330 1542 415 1598 anirni
433 1550 527 1597 motus
543 1554 684 1610 perpessa,
697 1546 809 1608 repente

137 1636 236 1690 Crrrrit
251 1636 284 1689 ad
301 1633 359 1689 haec
369 1646 472 1702 opera;
491 1631 537 1687 sod
549 1631 588 1686 ad
607 1630 666 1685 hacc
678 1628 810 1685 deliberat
823 1637 915 1682 utrum

136 1724 243 1791 Possit,
257 1736 284 1780 et
303 1724 337 1779 ad
349 1724 448 1778 libram
464 1721 580 1776 rationis
593 1720 701 1791 singula
713 1731 821 1789 pensat.

136 1818 272 1873 Protinus
287 1833 353 1887 crgo
370 1831 435 1871 suas
450 1808 531 1868 vocat
546 1814 573 1868 in
595 1828 645 1869 sua
660 1822 724 1868 rota
738 1827 860 1876 sorores,

138 1913 161 1963 Α
179 1910 279 1979 quibus
294 1907 399 1962 emeriti
413 1904 562 1960 descendat
575 1903 684 1959 tramite
697 1910 774 1958 recto

136 2001 246 2071 ategula
257 1998 378 2064 consilii,
391 1996 547 2064 mentisque
558 2001 686 2049 coereeat
697 2001 806 2047 aestum.

135 2090 178 2146 th
191 2092 232 2145 sic
246 2089 317 2145 ireta
331 2104 389 2144 suae
404 2088 514 2157 scalpro
529 2086 657 2151 rationis,
669 2085 698 2140 in
711 2084 786 2154 ipsos

132 2179 262 2234 Effectus
274 2192 389 2247 operum
406 2176 507 2231 mentis
523 2174 642 2230 deducat
656 2173 742 2233 ideas,

132 2270 196 2325 Aut
211 2270 276 2323 lirna
292 2269 407 2323 nreliore
423 2268 469 2322 diu
488 2273 622 2336 concepta
638 2264 751 2319 recidat

132 2360 214 2430 Ergo
224 2361 334 2417 consilii
349 2376 405 2415 non
421 2367 566 2429 aspernata
583 2357 712 2428 rigorem,

130 2453 298 2511 Concilium
312 2453 424 2508 cceleste
435 2459 535 2516 rocat;
553 2449 709 2520 peregrinat
722 2447 757 2502 ab
769 2449 824 2503 alto

135 2542 245 2598 unitate
260 2543 382 2598 eoelestis
396 2543 497 2606 honor,
512 2548 673 2608 terramque
692 2545 801 2592 serenat

134 2633 216 2691 Luce
234 2649 295 2698 sua,
312 2633 442 2705 dignatus
456 2631 571 2685 lrurnurn
584 2629 683 2684 restire
694 2628 781 2684 beatis

135 2725 299 2791 GressibnS,
312 2733 340 2779 et
351 2723 438 2778 nostri
452 2722 574 2777 tolerans
590 2718 700 2775 fastidia
716 2717 822 2772 mundi,

136 2818 165 2874 Δ
178 2817 324 2889 splendore
338 2831 389 2872 suo
405 2812 549 2869 descendit
559 2812 634 2883 regia
645 2809 707 2865 coeli
721 2852 730 2878 ,

138 2910 211 2964 lium
228 2911 319 2965 lumen
332 2908 475 2979 proprium
495 2915 574 2961 terrm
584 2904 711 2960 coneedit
722 2902 755 2957 ad
768 2902 875 2959 horare

135 3002 201 3059 Jam
215 3018 287 3059 nora
300 3003 418 3058 miratur
432 3000 513 3056 tellus
524 2997 653 3070 vestigia,
667 2995 738 3050 lerre

136 3093 247 3152 daune
257 3111 339 3163 ortus,
354 3094 402 3151 sed
418 3092 461 3148 ris
475 3090 569 3146 oneris
581 3096 713 3159 pensatur
728 3088 841 3143 bonore.

452 3179 568 3239 CAPUT
588 3179 622 3235 ll.

377 3273 527 3330 Concilium
543 3271 684 3335 uirtutum.

138 3366 220 3422 Pacis
234 3366 344 3421 alnnrna
359 3376 450 3420 meret
464 3365 569 3434 primos
577 3358 734 3416 Concordia
753 3371 875 3430 gressus,

141 3457 176 3513 tn
191 3459 270 3528 pleno
284 3468 383 3513 cuneta
399 3455 565 3527 per-lundens
577 3453 663 3523 Copia
679 3467 778 3517 cornu,

139 3551 176 3606 Et
189 3551 288 3613 Fauor,
302 3560 329 3605 ct
341 3550 430 3604 rrrnlto
444 3547 554 3617 perlusa
570 3547 662 3600 lavore
675 3542 822 3608 iuventus,

139 3642 173 3697 ΕΙ
189 3641 272 3698 llisus
285 3650 389 3697 nostres
404 3637 579 3710 proscribens
591 3634 687 3690 nubila
699 3631 811 3698 inentis,

141 3735 177 3791 Et
195 3736 299 3804 Pudor,
314 3742 342 3791 et
351 3742 428 3789 certo
439 3738 567 3787 coutema
582 3728 714 3783 llodestia
726 3725 791 3792 tine,

141 3834 177 3890 Et
189 3833 271 3889 Ratio
284 3846 414 3888 mensura
430 3829 508 3894 boni,
518 3841 601 3898 quarn
618 3839 726 3894 semper
736 3822 878 3877 adbaerens

139 3929 225 3985 Felici
241 3943 337 3999 gressu
352 3925 418 3981 leliu
433 3922 580 3979 comitatur
594 3917 740 3983 llonestas,

146 4020 181 4076 Et
195 4021 294 4087 Decus,
309 4030 336 4075 et
348 4027 447 4075 cuncta
464 4016 600 4071 trutinans
619 4010 768 4067 Prudentia
780 4008 860 4074 libra,

142 4110 178 4168 tn
192 4112 291 4180 Pietas,
307 4121 334 4167 et
346 4126 410 4166 vera
420 4109 519 4174 Fides,
533 4121 594 4177 ottae
609 4103 714 4158 fraudis
726 4102 753 4157 in
765 4099 863 4156 umbra

142 4202 226 4275 3210
238 4201 323 4259 Nobis
338 4199 508 4273 hypocritam
523 4194 632 4252 mentiri
648 4192 735 4250 nescit
747 4204 871 4246 amorem
887 4205 896 4243 ε

143 4293 178 4348 lit
194 4294 280 4351 virtus
297 4310 358 4364 quae
374 4290 479 4362 spargit
494 4303 573 4359 opes,
589 4302 650 4358 quse
666 4300 781 4341 munera
796 4282 896 4347 tundit,

141 4389 232 4456 Quam
249 4402 333 4458 penes
346 4388 454 4458 ignorat
469 4384 594 4454 ignaram
606 4395 673 4451 gaza
689 4379 828 4448 quietem,

143 4480 200 4537 Nec
211 4480 332 4536 dormire
343 4485 432 4550 potest
444 4473 566 4532 thesauri
578 4487 670 4527 massa
683 4469 783 4540 sepulti
796 4508 804 4535 ,

142 4574 196 4628 Sed
208 4578 300 4628 ‘mutat
314 4572 406 4626 varios
417 4568 499 4625 toties
511 4565 654 4637 peregrina
666 4562 823 4631 magistros.

143 4663 245 4719 Ultima
258 4662 402 4726 Nobilitas,
416 4667 446 4715 et
461 4659 557 4713 lormae
570 4652 651 4710 lande
663 4650 783 4707 secunda

140 4754 258 4827 Alorrge
269 4755 394 4825 sequitur
408 4754 506 4807 irarum
527 4747 650 4818 restigia,
664 4743 791 4816 quamvis

140 4844 239 4904 Nescio
250 4848 316 4918 quid
326 4845 460 4917 praesigne
471 4850 558 4913 gerat,
568 4849 659 4894 tamen
673 4835 755 4906 hujus
767 4834 801 4890 ad
812 4847 930 4903 unguem

139 4936 201 4994 lion
216 4945 322 5009 poterat
335 4933 450 5004 reliquis
463 4931 547 4985 iacies
562 4941 671 4997 equare
685 4927 830 4978 decorem:

140 5031 254 5087 llnnere
269 5029 386 5083 [ortunae
398 5024 513 5092 melion
529 5022 576 5076 sed
589 5018 699 5089 parcius
710 5016 768 5086 ipsa

138 5125 235 5183 Gratia
250 5130 357 5179 naturae
368 5119 448 5175 dotes
461 5115 577 5171 effundit
591 5113 617 5167 in
631 5111 716 5166 illam.

141 5217 205 5273 llaec
219 5228 350 5287 superum
362 5212 472 5270 soboles
491 5221 604 5278 gressus
619 5210 741 5257 maturat
759 5199 786 5253 in
801 5211 892 5253 arcent

140 5309 261 5376 Natnrae,
273 5307 441 5380 proprioque
452 5303 564 5358 domum
580 5297 683 5353 chorus
693 5292 766 5348 alliat
784 5293 899 5346 honore.

447 5409 563 5470 CAPUT
582 5407 626 5464 lil.

140 5514 203 5580 Quo
226 5511 279 5566 rito
294 5517 352 5563 eret
374 5517 468 5559 comos
485 5500 608 5554 Naturae.
630 5495 780 5565 Descriptio
802 5491 878 5547 silete
902 5490 929 5544 ia

160 5599 214 5654 qao
225 5590 283 5637 erut
294 5580 390 5634 domos
402 5572 517 5629 nature
531 5581 556 5625 et
570 5570 651 5640 [oratis
665 5567 712 5637 qui
730 5564 827 5618 ibidem
843 5573 909 5618 eret.

142 5672 192 5731 Est
205 5675 284 5730 locus
299 5686 314 5725 a
327 5675 423 5722 nostro
434 5670 557 5720 secretus
572 5660 682 5716 climate
707 5663 795 5711 tractu

305 5764 442 5825 Parnon.
459 5753 552 5818 CCX.
619 5801 627 5807 .

715 222 1034 282 nnttctnttbtnh'tts
1055 255 1090 266 -
1111 220 1175 277 tte.
1196 222 1218 275 l.

1719 223 1771 281 lid

948 336 1092 407 plunge,
1111 346 1270 392 nostmrum
1282 334 1375 391 ridens
1385 334 1518 391 fermenta
1533 347 1668 391 ecorum.

986 427 1040 483 lste
1055 437 1144 499 potest
1159 428 1236 484 solus
1250 426 1385 497 quidquid
1404 428 1463 482 loca
1480 435 1577 483 caetera
1592 437 1717 497 possunt.

984 517 1063 584 Quod
1080 519 1173 572 minus
1189 518 1217 572 in
1235 517 1359 599 reliquis,
1379 518 1477 573 melius
1493 519 1635 588 suppletur
1650 518 1676 573 in
1694 535 1761 590 uno,

984 608 1055 676 Quid
1069 609 1200 679 praelarga
1220 623 1320 662 manus
1330 606 1441 663 Naturae
1455 611 1552 679 possit,
1566 619 1593 666 et
1604 611 1631 665 in
1647 627 1703 682 quo

982 696 1095 753 Gratius
1112 698 1234 753 effundat
1249 698 1337 763 dotes,
1355 700 1468 767 exponit
1485 701 1513 753 iu
1529 701 1582 755 isto
1598 718 1605 754 :
1623 719 1632 769 j

981 790 1013 845 ln
1028 807 1085 861 quo
1098 792 1254 862 pubescens
1267 800 1362 847 tenera
1377 791 1507 863 lanugine
1521 793 1622 849 tiorum

985 881 1128 939 Sideribus
1143 884 1251 939 stellata
1267 884 1337 948 suis,
1354 898 1488 939 succensa
1503 900 1630 940 rosarum

983 975 1099 1041 Murice,
1117 985 1188 1030 terra
1206 991 1309 1031 norum
1321 974 1465 1032 contendit
1483 976 1595 1047 pingere
1607 977 1721 1037 coelum.

983 1066 1045 1123 Non
1063 1068 1099 1122 ibi
1114 1068 1255 1123 nascentis
1267 1069 1391 1138 exspirat
1402 1070 1490 1139 gratia
1505 1069 1597 1136 lloris,

985 1158 1129 1214 Nasccndo
1146 1160 1268 1215 moriens
1280 1177 1287 1214 :
1300 1176 1351 1216 nec
1365 1161 1438 1215 enirn
1456 1176 1519 1215 rosa
1534 1176 1616 1216 mane
1630 1165 1722 1234 puella

987 1249 1105 1320 llespere
1119 1251 1230 1319 languet
1242 1267 1329 1319 anus;
1343 1253 1391 1306 sed
1406 1253 1483 1307 vultu
1495 1268 1604 1323 semper
1617 1257 1724 1324 codem,

984 1341 1113 1398 Gandcns
1123 1342 1219 1398 aeterni
1232 1343 1388 1413 juvenescit
1400 1361 1514 1400 munere
1527 1348 1608 1401 reris.

983 1432 1064 1489 llunc
1076 1434 1169 1489 llorem
1184 1450 1239 1489 non
1256 1435 1312 1489 urit
1324 1435 1422 1500 irionis,
1440 1451 1494 1490 non
1506 1437 1634 1508 decoquit
1646 1450 1738 1507 restas,

983 1524 1044 1581 Nou
1058 1527 1096 1581 ibi
1113 1527 1275 1583 bacchantis
1291 1528 1383 1583 horem
1395 1528 1462 1584 lurit
1475 1530 1527 1595 ira,
1539 1546 1589 1585 uec
1600 1531 1656 1588 illic

983 1618 1124 1674 Fulminat
1136 1635 1204 1674 aura
1223 1620 1293 1687 noti,
1310 1636 1360 1675 nec
1376 1620 1481 1689 spicula
1498 1623 1642 1690 grandinis
1659 1624 1777 1683 instant.

948 1705 970 1760 B
984 1711 1123 1782 Quidquid
1141 1711 1264 1782 depascit
1278 1711 1385 1778 oculos,
1398 1711 1439 1766 rel
1457 1713 1575 1767 inebriat
1589 1729 1690 1783 aures,

985 1803 1098 1858 Seducit
1111 1812 1217 1869 gustus,
1230 1818 1310 1857 nares
1323 1804 1467 1873 suspendit
1476 1806 1581 1870 odore,

983 1891 1126 1947 Demulcet
1139 1901 1242 1947 tactum
1254 1933 1262 1958 ,
1274 1893 1373 1946 retinet
1384 1893 1461 1949 locus
1474 1894 1526 1948 iste
1538 1894 1662 1950 locorum
1676 1912 1684 1951 ε

982 1982 1038 2037 lste
1053 1982 1124 2052 parit
1138 1982 1214 2036 nullo
1235 1992 1353 2037 rexatus
1364 1999 1485 2050 comere,
1497 1984 1631 2055 quidquid

983 2073 1082 2129 llilitat
1096 2074 1242 2129 adversum
1258 2074 1382 2140 morbos,
1394 2082 1575 2145 nostramque
1589 2076 1704 2134 renodat

983 2165 1115 2221 instantis
1130 2166 1219 2221 morbi
1234 2165 1387 2236 proscripta
1399 2174 1475 2235 peste
1489 2166 1617 2222 salutem.

983 2257 1044 2311 Non
1060 2273 1152 2312 rerum
1166 2258 1275 2327 vulgus,
1290 2273 1385 2312 rernm
1402 2258 1535 2313 miracula
1552 2260 1667 2329 gignens

982 2347 1098 2419 Sponte,
1115 2364 1165 2404 nee
1181 2357 1297 2403 externo
1312 2348 1393 2402 tellus
1407 2348 1501 2417 adjuta
1514 2349 1625 2416 colono,

981 2436 1093 2515 Naturae
1105 2445 1234 2492 contenta
1248 2449 1342 2501 mann,
1357 2434 1525 2504 zephyrique
1540 2433 1637 2488 lavore

980 2526 1114 2591 Parturit,
1128 2534 1156 2579 et
1169 2533 1245 2580 tauta
1261 2534 1388 2580 natorum
1404 2524 1481 2593 prole
1495 2524 1629 2593 superbit.

983 2617 1064 2673 Flore
1077 2633 1148 2671 noro
1160 2617 1299 2687 gaudens,
1315 2614 1382 2670 iulio
1394 2615 1492 2669 crinita
1510 2615 1622 2681 rirenti,

981 2708 1042 2764 Non
1058 2709 1186 2764 demorsa
1203 2710 1268 2775 situ,
1284 2722 1339 2763 non
1352 2707 1422 2761 iram
1436 2722 1515 2776 passa
1528 2708 1649 2776 securis,

982 2800 1042 2856 Non
1054 2803 1158 2872 dejecta
1171 2802 1240 2867 solo,
1254 2800 1358 2870 sparsis
1371 2816 1425 2854 non
1437 2799 1515 2854 deria
1532 2801 1629 2868 ramis,

982 2891 1076 2946 Ambit
1088 2892 1158 2949 silra
1172 2892 1273 2958 locum,
1291 2891 1363 2946 muri
1376 2891 1490 2947 mentita
1512 2893 1639 2964 liguram.

943 3030 967 3086 G
982 2980 1043 3036 Non
1060 2982 1158 3037 tiorum
1174 2981 1313 3053 praedatur
1327 2997 1393 3051 opes
1407 2975 1521 3052 liliique
1536 2984 1665 3053 capillum

984 3072 1091 3128 Tondet
1104 3072 1211 3135 biems,
1228 3084 1350 3128 teneram
1365 3072 1465 3128 dorum
1480 3074 1593 3145 depasta
1606 3074 1770 3148 inuentam

982 3164 1118 3221 Exsilium
1127 3164 1231 3233 patitur
1242 3164 1337 3228 arbor,
1351 3179 1523 3235 quecunque
1533 3167 1667 3224 tributum

981 3256 1121 3313 Germinis
1133 3250 1161 3310 e't
1171 3254 1280 3309 fructus
1292 3264 1398 3310 naturae
1414 3256 1521 3311 sotrere
1532 3259 1629 3313 nescit.

981 3345 1069 3415 Cujus
1083 3343 1200 3399 mereari
1212 3344 1302 3399 lructu
1320 3344 1433 3400 meliore
1450 3344 1572 3399 levorem

981 3435 1170 3501 Contendens,
1182 3434 1305 3504 aliasque
1320 3451 1371 3491 suo
1385 3435 1541 3505 praecellere
1552 3437 1626 3493 dono

982 3527 1063 3600 325
1077 3527 1210 3597 Quaelibet
1219 3540 1246 3586 et
1261 3546 1370 3600 semper
1384 3530 1418 3585 de
1430 3541 1510 3601 partu
1525 3533 1628 3603 cogitat
1641 3533 1735 3591 arbor.

983 3617 1101 3693 Syrencs
1116 3639 1271 3691 nemorum,
1285 3623 1438 3679 citharista
1450 3626 1535 3695 reris,
1554 3627 1581 3680 in
1598 3627 1676 3682 illum

982 3710 1143 3769 Convenere
1158 3715 1261 3781 locum,
1277 3717 1434 3786 mellitaque
1445 3718 1569 3773 carmina
1585 3722 1703 3789 sparsim

981 3803 1209 3860 commentantur
1228 3822 1302 3874 ares,
1315 3808 1380 3864 dum
1396 3810 1514 3879 gutturis
1530 3824 1633 3881 organa
1649 3811 1771 3880 pulsant.

981 3892 1104 3964 Pingunt
1118 3911 1165 3951 ore
1182 3897 1280 3967 lyram,
1293 3897 1358 3952 dum
1375 3909 1471 3955 cantus
1484 3900 1593 3956 imbibit
1605 3902 1673 3959 istos

981 3985 1111 4054 Auditus,
1125 3986 1220 4042 dulces
1233 3988 1313 4043 ollrrt
1328 4004 1412 4044 sonus
1424 3989 1537 4046 auribus
1552 4006 1644 4049 escas.

981 4076 1012 4134 ln
1028 4076 1120 4133 medio
1135 4079 1302 4150 lacrymatur
1315 4080 1427 4147 humus,
1443 4078 1563 4151 fletuque
1578 4082 1660 4138 beato

981 4169 1141 4227 Producens
1155 4170 1303 4242 lacrymas,
1320 4169 1423 4225 iontem
1441 4171 1543 4227 sudore
1556 4175 1669 4243 perenni

981 4260 1113 4329 Parturit,
1126 4270 1154 4317 et
1169 4262 1263 4319 dulces
1277 4273 1357 4332 potus
1372 4264 1504 4335 singultat
1517 4279 1662 4335 aquarum.

946 4385 969 4441 Β
983 4355 1066 4412 Exuit
1081 4357 1218 4428 ingenitas
1232 4356 1312 4412 laeces
1330 4365 1476 4428 argenteus
1491 4358 1592 4426 amnis,

983 4450 1024 4504 hd
1041 4451 1102 4521 puri
1115 4465 1242 4506 remeans
1254 4451 1381 4506 elementi
1392 4452 1468 4522 jura,
1485 4452 1574 4508 nitore

981 4542 1114 4613 Frtlgnrat
1129 4542 1157 4597 in
1173 4543 1284 4613 proprio
1298 4543 1443 4614 peregrina
1459 4544 1524 4599 lece
1543 4543 1672 4604 solutus:

982 4633 1153 4707 Prmgnantis
1165 4633 1299 4704 gremium
1315 4633 1419 4689 telluris
1434 4633 1551 4690 inebriat
1566 4635 1616 4691 iste

981 4728 1077 4795 Potus,
1091 4727 1165 4782 etad
1181 4738 1277 4797 partus
1293 4726 1388 4781 inritat
1403 4735 1467 4781 rota
1481 4727 1614 4796 parentis.

981 4818 1135 4874 Arboribus
1148 4819 1252 4872 similes
1263 4817 1343 4873 tellus
1361 4834 1416 4874 non
1429 4817 1520 4874 inuida
1534 4827 1615 4890 potus

981 4910 1080 4976 Donat,
1096 4917 1123 4966 et
1137 4909 1263 4964 allectum
1279 4907 1403 4978 pariendi
1417 4911 1541 4981 suggerit
1553 4910 1619 4966 illis.

1278 5019 1394 5076 CAPUT
1418 5021 1463 5077 lll.

981 5119 1081 5174 matur
1103 5117 1218 5173 Natum
1236 5117 1265 5171 in
1277 5126 1364 5171 monte
1379 5118 1442 5171 sito.
1465 5116 1581 5172 Pictore
1600 5116 1705 5175 domus.
1720 5117 1769 5175 rt-

1017 5202 1093 5244 rturo
1105 5190 1227 5244 imitator
1237 5187 1362 5255 logicum.
1376 5187 1540 5252 Aristoteles,
1554 5185 1642 5256 Plato,
1658 5186 1766 5259 Seneca,

1017 5260 1191 5325 Ptolomeus,
1205 5256 1320 5323 Tullius,
1340 5256 1478 5327 Virgilius.

980 5372 1009 5426 ln
1027 5371 1118 5426 medio
1132 5371 1255 5425 nestoris
1266 5367 1357 5425 eradit
1372 5367 1399 5421 in
1412 5383 1475 5422 aera
1490 5369 1592 5424 montis
1708 5436 1709 5439 Ἴ

979 5465 1074 5520 Ardua
1085 5463 1213 5533 planities
1228 5472 1255 5518 et
1271 5462 1390 5517 nubibus
1405 5460 1500 5516 oscula
1512 5460 1607 5517 donat.

980 5554 1031 5610 llic
1043 5554 1141 5611 domus
1154 5554 1270 5625 erigitur
1283 5562 1397 5618 naturce,
1413 5551 1436 5607 si
1450 5560 1542 5608 minen
1553 5552 1608 5611 isto

979 5646 1096 5705 Nomine
1108 5646 1215 5703 censeri
1227 5644 1269 5702 las
1283 5645 1329 5715 sit,
1344 5658 1407 5701 cum
1423 5645 1535 5704 numine
1546 5647 1636 5718 possit

1558 5743 1597 5812 te
