3992 6042
259 268 314 333 tbi

260 388 308 445 Sic
319 390 400 462 myrti
418 399 540 463 praesunt
554 392 650 461 lauris,
665 391 784 450 oleaster
795 393 886 459 olitis,

260 478 307 537 Sic
325 481 450 540 saliunca
465 484 547 552 rosis,
567 483 629 539 silis
643 483 685 540 sic
697 483 757 555 alga
770 483 926 556 hyacinthis

263 570 424 641 Praelcrtur,
439 575 609 646 gemmisque
620 577 720 644 lutum,
735 578 868 648 violisque
883 578 983 637 cicuta.

260 663 306 721 Sic
320 666 379 722 ovis
395 682 411 720 a
426 682 508 737 capra
521 669 657 724 mendicat
671 668 780 726 velleris
799 684 892 736 usum,

259 757 306 814 Sic
321 758 443 814 tumidus
456 767 563 815 torrens
578 775 593 814 a
606 761 665 816 rivo
679 761 800 831 postulat
815 761 929 827 undam,

259 848 305 904 Sic
319 849 389 906 solet
403 865 419 906 a
434 857 523 909 dauco
536 856 681 911 narcissus
695 869 817 925 querere
835 854 964 923 lormarn,

258 936 305 995 Sic
320 940 396 996 addit
407 942 495 998 lucem
510 944 631 1000 candela
644 945 753 999 llamrna
768 945 833 1001 diei.

257 1027 312 1086 sed
327 1033 459 1101 quoniam
475 1034 559 1105 cogit,
578 1035 666 1106 iubet,
680 1036 764 1091 instat
779 1045 867 1092 restra
882 1035 1020 1103 uoluntas,

257 1117 295 1175 Ut
310 1137 393 1191 super
409 1123 452 1179 his
466 1140 529 1195 quse
543 1134 633 1183 vestra
653 1128 737 1183 modo
751 1128 883 1184 discretio
895 1129 991 1194 movit,

256 1209 409 1269 Mendieata
424 1216 478 1270 mei
491 1216 601 1273 modam
621 1219 752 1291 sullragia
766 1221 866 1275 deutur

255 1302 391 1373 Corrsilii·,
405 1306 485 1376 plene
497 1309 596 1365 uestris
611 1310 744 1367 obsistere
759 1312 831 1368 votis

253 1392 337 1462 Nolo,
351 1397 446 1468 sicque
461 1414 522 1454 mea
536 1399 679 1457 vobiscum
695 1404 763 1458 velle
774 1386 904 1461 uoluntas

254 1482 363 1556 Incipit,
380 1495 411 1541 ut
425 1488 536 1544 tandem
550 1493 642 1561 cupiat
655 1496 838 1566 quodcunque
851 1511 963 1553 neeesse
976 1505 1030 1552 est.

255 1571 388 1630 Deloecata
403 1577 506 1642 minus,
522 1579 661 1651 aliamque
677 1585 805 1655 rogantia
818 1586 936 1641 lerinam

253 1663 367 1721 Consilii
384 1680 490 1724 secreta
501 1671 554 1725 mei
570 1671 708 1742 deponere
718 1675 797 1733 rubis

253 1752 335 1820 ldalo,
351 1772 434 1826 quam
447 1761 519 1815 notis
530 1762 639 1833 vulgata
652 1762 744 1820 irontc
757 1750 931 1836 repugnem,⁴

254 1842 309 1898 Aut
324 1860 384 1900 ntea
401 1847 556 1917 coniectent
569 1863 696 1922 suspecta
716 1854 826 1912 silentia
842 1856 954 1914 lastum.

253 1932 326 2004 Ergo
340 1950 438 2005 precor
450 1942 569 2006 reniam,
582 1943 669 2000 uenire
683 1960 738 2001 oon
755 1946 834 2002 tarda
849 1956 982 2018 sequatur

254 2021 348 2080 Gratia
364 2026 507 2100 delictum,
522 2033 625 2090 relevet
641 2039 799 2108 compassio
815 2040 953 2108 morbum,

254 2115 287 2173 st
300 2119 391 2177 minus
406 2136 536 2183 excoctas
549 2127 670 2187 rationes
687 2130 771 2187 rerba
790 2133 948 2203 propinent,

253 2205 304 2264 Vel
318 2211 432 2270 rationis
448 2216 528 2289 inops
539 2218 652 2290 jejunos
666 2237 757 2279 sermo
771 2224 887 2280 laboret.

252 2298 308 2355 Nec
325 2311 422 2373 stupor
436 2307 547 2365 irrvadat
562 2320 659 2368 vestrm
677 2313 837 2371 munimina
850 2315 873 2346 ⁸¹
886 2315 998 2381 mentis,

223 2448 226 2455 ,
254 2390 284 2446 Sl
299 2393 351 2448 sibi
364 2411 456 2451 sermo
471 2415 548 2457 mous
561 2405 686 2462 maculas
704 2407 807 2462 erroris
821 2406 934 2476 adoptat
946 2407 988 2459 ⁹⁸:

253 2479 336 2535 llrror
354 2482 382 2538 in
397 2483 525 2545 humanis
539 2502 632 2546 cuntes
645 2493 801 2551 indefessus
815 2497 935 2553 oberrat.

253 2568 403 2643 benigrarc
421 2576 491 2632 solet
504 2577 635 2635 fermenti
652 2584 885 2654 cupia,quidqnld

253 2660 396 2724 flumanus
410 2683 502 2725 sermo
518 2671 560 2726 rel
576 2686 653 2729 mens
672 2672 794 2729 humana
809 2676 923 2732 uolutat.

252 2757 388 2815 stamen
403 2760 493 2817 allicio
506 2762 570 2818 llnis
586 2765 759 2833 respondeat,
775 2767 845 2823 alter

250 2846 312 2905 Non
328 2858 371 2907 est
385 2853 491 2908 orantis
502 2868 592 2921 error,
612 2871 667 2910 non
684 2856 763 2927 culpa
779 2859 926 2926 medentis,

252 2939 282 2995 Si
298 2943 404 3012 primus
417 2943 480 3001 llnis
495 2943 638 3002 fraudetur
653 2946 707 3005 lloe
724 2952 853 3008 secundo.

250 3032 311 3090 Non
325 3033 389 3091 ierit
403 3036 525 3106 assidue,
541 3037 624 3094 telum
641 3040 800 3113 quicunque
814 3044 956 3102 minatur:

250 3123 313 3181 Non
323 3142 433 3198 semper
447 3129 570 3187 medicus
585 3140 674 3199 sanat,
689 3148 744 3189 nun
757 3135 815 3205 ipsc
827 3148 937 3206 perorat

253 3213 368 3285 lllretm,
388 3234 442 3274 nun
459 3219 565 3292 logicus
579 3222 612 3277 ad
628 3232 729 3283 metam
744 3227 885 3296 pervenit,
897 3229 954 3287 imo

252 3307 330 3379 sepe
337 3308 434 3379 iacens
446 3312 515 3368 calle
529 3313 623 3369 medic
634 3315 761 3373 delesses
781 3318 907 3375 anhelat.

251 3396 420 3468 Discretnm,
433 3404 565 3472 prudens,
582 3415 706 3474 cautum,
722 3407 872 3477 landabile,
885 3418 988 3478 tutum,

251 3487 323 3545 Utile
338 3491 487 3548 consilinm
500 3491 610 3549 Naturae
622 3495 729 3564 judico,
743 3506 837 3552 votnm

250 3580 332 3650 335
346 3581 487 3651 approbo,
501 3585 670 3653 propositum
686 3587 778 3651 laudo,
796 3589 924 3645 molimen
946 3592 1042 3662 adoro,

255 3665 293 3722 Ut
307 3684 395 3724 nurus
409 3669 437 3723 in
452 3670 555 3725 mundo
566 3672 720 3743 peregrinet
732 3672 854 3744 Lucifer,
870 3677 897 3732 in
910 3693 966 3749 quo

251 3756 360 3814 Nullius
370 3757 440 3814 labis
454 3772 571 3817 occasus
587 3761 692 3818 nubilet
706 3772 811 3822 ortum.

253 3849 302 3905 Sol
319 3865 407 3906 nurus
421 3849 449 3906 in
463 3852 545 3909 terris
559 3854 677 3920 oriatur,
692 3857 773 3928 cujus
788 3859 815 3913 in
830 3869 893 3916 ortu

252 3939 301 3996 Sel
316 3951 394 3998 retus
406 3957 523 4000 occasus
535 3945 662 4015 proprios
676 3945 769 4018 lugere
785 3958 906 4018 putetur.

250 4022 395 4085 Possident
408 4029 497 4097 sulus,
514 4030 646 4101 quidquid
663 4035 839 4103 possedimus
851 4055 970 4097 ornnes:

251 4116 349 4177 Omnis
360 4118 444 4174 bomo
458 4121 500 4177 sic
511 4137 584 4178 unus
600 4124 663 4191 crit,
675 4125 716 4182 sic
732 4142 815 4183 omne
828 4130 901 4200 quod
920 4147 1023 4187 uriom:

251 4207 332 4268 Unus
346 4212 446 4268 inesse
461 4229 522 4281 suo,
536 4215 648 4272 sederit
662 4218 812 4275 virtutibus
824 4222 925 4278 omnis.

251 4297 326 4359 Solis
337 4301 364 4357 in
381 4317 480 4383 occasu
499 4304 539 4362 sol
556 4305 624 4362 alter
638 4309 760 4378 proferat
772 4320 884 4381 urtum;

911 273 1015 331 abab!
1032 272 1077 329 ou
1095 275 1231 337 lNSULlS

1057 393 1213 467 Abegibus
1226 396 1372 466 excipitur,
1388 394 1495 451 meliori
1510 393 1609 465 pollice
1625 392 1719 449 ducta.

1828 276 1887 335 too

1095 486 1155 544 [lon
1171 496 1261 543 tamen
1276 497 1381 543 atanto
1393 486 1473 544 debet
1486 485 1613 543 secedere
1624 493 1690 540 voto

1096 578 1205 635 lustaus
1222 578 1406 649 propositum,
1424 592 1475 632 nec
1486 575 1555 631 citra
1569 574 1759 645 praeliasinci,

1096 665 1227 733 Quamuis
1239 668 1272 723 ad
1288 675 1379 723 tantas
1390 680 1500 736 operas,
1513 674 1674 735 tarrtumque
1688 664 1812 723 laborem

1096 755 1205 814 Naturae
1222 758 1341 828 suspiret
1353 773 1432 827 opus,
1445 755 1570 827 citraque
1584 737 1701 822 resida't3

1097 847 1238 918 snppleblx
1251 858 1342 904 tamen
1355 849 1415 919 ipsa
1431 863 1531 903 manus
1544 846 1647 912 divina,
1660 845 1735 916 quod
1749 842 1829 905 iufra*

1095 937 1211 995 Perlecti
1226 954 1351 994 normam
1365 947 1470 993 naturae
1482 951 1581 992 norma
1596 937 1741 1007 relinquet.

1095 1029 1175 1096 Quod
1187 1039 1284 1084 natura
1298 1029 1374 1097 lacit,
1387 1029 1496 1085 divinus
1513 1028 1619 1099 pcrllcit
1632 1036 1730 1083 auctor
1745 1026 1789 1097 ⁸⁸3

1096 1117 1224 1174 Divinum
1241 1129 1315 1176 creat
1330 1135 1365 1175 ex
1378 1120 1478 1187 nihilo,
1494 1128 1595 1174 natura
1606 1119 1742 1175 caducum

1096 1210 1226 1267 Procreat
1238 1227 1271 1265 ex
1288 1210 1381 1281 aliquo
1395 1228 1402 1265 :
1416 1209 1490 1266 Dens
1503 1210 1629 1282 imperat,
1642 1210 1687 1264 illa
1698 1210 1849 1272 ministrat,

1096 1300 1147 1357 ilic
1162 1303 1242 1372 regit,
1260 1301 1304 1356 illa
1319 1299 1399 1369 lacit;
1415 1301 1460 1357 hic
1472 1301 1595 1368 instruit,
1610 1301 1657 1355 illa
1669 1300 1784 1358 docetur

1095 1391 1169 1463 Ergo
1184 1393 1207 1448 si
1221 1393 1335 1460 nostris,
1351 1408 1413 1465 quae
1427 1402 1492 1449 sunt
1503 1393 1615 1464 indigna
1627 1391 1736 1462 lavore,

1097 1483 1176 1541 Votis
1193 1485 1306 1556 aspirat,
1324 1485 1442 1555 suspiria
1457 1494 1550 1541 nostra
1563 1486 1691 1542 relaxans

1095 1574 1206 1633 Plenius
1216 1576 1363 1648 applaudet
1377 1578 1448 1645 isus,
1462 1594 1524 1649 qum
1537 1578 1595 1633 sola
1609 1586 1748 1649 perorant.

1058 1706 1084 1767 B
1099 1666 1154 1723 Nec
1167 1670 1288 1724 candore
1299 1685 1411 1738 precum
1424 1670 1516 1731 testiri
1529 1670 1630 1725 cultius
1649 1679 1731 1727 orant

1098 1758 1178 1828 lota,
1192 1769 1284 1816 tameo
1299 1762 1428 1832 precibus
1441 1761 1546 1829 nostris
1559 1761 1662 1816 mellita
1677 1760 1781 1818 mereri

1094 1851 1160 1909 Plus
1174 1858 1314 1924 poterunt,
1327 1851 1374 1906 tali
1390 1851 1488 1907 melios
1500 1852 1609 1907 condita
1624 1866 1732 1922 sapore.

1094 1945 1167 2019 Ergo
1179 1955 1252 2012 sota,
1264 1958 1369 2015 preces,
1385 1944 1493 1999 animos
1506 1942 1653 2000 fundamus
1665 1946 1692 2000 in
1708 1945 1797 2014 illum,

1100 2037 1135 2094 tlx
1152 2036 1255 2094 uostris
1269 2037 1359 2093 laneat
1369 2035 1451 2102 rotis,
1463 2043 1493 2090 ut
1506 2045 1570 2091 sota
1589 2037 1732 2106 secundet,

1097 2128 1151 2197 Qui
1162 2129 1238 2186 solus
1250 2128 1387 2198 complere
1400 2135 1505 2199 potest;
1517 2143 1567 2184 nec
1580 2127 1656 2183 tarda
1675 2139 1807 2199 sequetur

1097 2219 1174 2277 lleos
1185 2220 1289 2287 diuina,
1303 2233 1398 2290 preces
1411 2218 1434 2274 si
1448 2233 1525 2274 meos
1537 2219 1667 2289 legaverit
1679 2227 1757 2275 extra
1771 2238 1778 2274 :

1099 2312 1187 2380 Quam
1201 2326 1257 2367 non
1272 2311 1416 2367 rhetoricis
1433 2310 1521 2367 oratio
1533 2311 1606 2382 picta
1619 2310 1726 2383 liguris,

1099 2405 1158 2461 Non
1178 2406 1292 2478 ignavus
1305 2419 1387 2475 opum
1400 2402 1539 2467 cumulus,
1556 2415 1611 2457 non
1625 2416 1704 2457 musa
1717 2400 1850 2473 blaronls,

1098 2495 1157 2549 Non
1174 2510 1252 2551 antor
1264 2493 1417 2566 hypocrita,
1433 2508 1484 2548 nec
1502 2492 1589 2548 honor
1601 2502 1715 2548 senator
1727 2492 1837 2548 amoris

1099 2582 1247 2649 Demoleet,
1260 2582 1307 2636 sed
1321 2582 1379 2637 sola
1391 2594 1503 2651 precum
1518 2579 1634 2635 dulcedo
1649 2588 1777 2649 perorata.

1099 2673 1128 2729 Si
1143 2682 1233 2729 tamen
1248 2688 1263 2726 a
1278 2672 1353 2728 lontc
1364 2670 1454 2727 cordis
1467 2667 1583 2725 deducta
1596 2670 1735 2724 madescat

1098 2764 1193 2820 Restat
1208 2764 1236 2819 in
1251 2763 1390 2834 ambiguo,
1405 2776 1456 2817 nec
1470 2770 1545 2817 certa
1559 2759 1621 2816 luce
1634 2759 1759 2830 patescit,

1096 2855 1163 2925 Quae
1178 2864 1303 2911 nostrum
1317 2853 1417 2924 quihus
1428 2851 1548 2919 auxiliis,
1562 2865 1618 2921 quo
1632 2851 1701 2906 calle
1712 2851 1817 2905 viarum

1096 2947 1179 3020 336
1193 2945 1222 3003 lo
1237 2960 1352 3019 superas
1366 2945 1479 3018 derecta
1490 2942 1600 3009 domos,
1615 2942 1733 2998 donetur
1743 2940 1853 2998 bonore

1056 3051 1081 3115 c
1097 3039 1202 3111 Legati,
1216 3052 1278 3109 quae
1295 3046 1358 3092 vota
1372 3034 1428 3090 Deo
1442 3042 1598 3105 praesentet,
1611 3043 1638 3089 et
1652 3033 1759 3089 instans

1095 3126 1185 3182 imbre
1200 3140 1323 3197 precum,
1338 3123 1465 3194 precihus
1479 3122 1587 3178 divinas
1601 3122 1740 3193 compluat
1755 3137 1849 3180 aures.

1095 3217 1149 3274 Sed
1166 3228 1257 3273 tamen
1273 3226 1302 3273 nt
1316 3216 1425 3286 proprie
1438 3214 1539 3270 mentis
1550 3214 1686 3270 sententia
1700 3212 1794 3269 dictat.

1402 3325 1517 3385 CAPUT
1537 3326 1581 3385 lll.

1093 3424 1243 3479 Pruderttic
1258 3424 1397 3493 aptissimo
1411 3421 1547 3477 indicatur
1560 3430 1590 3474 ut
1605 3422 1641 3475 nd
1652 3421 1736 3476 Deum
1748 3422 1886 3482 utittotsr.

1297 3490 1429 3548 Coelorura
1441 3502 1541 3545 secreta
1555 3491 1679 3546 rixamur.

1093 3583 1172 3640 Nulla
1185 3593 1275 3656 potest
1289 3583 1387 3639 melius
1401 3582 1483 3638 istius
1495 3582 1617 3637 muneris
1627 3597 1709 3638 usum

1092 3671 1236 3740 Amplecti,
1250 3685 1334 3741 quam
1350 3677 1442 3725 nostra
1455 3683 1534 3725 soror
1546 3667 1705 3737 Prudentia,
1719 3671 1800 3741 cuius

1093 3760 1233 3816 Debellare
1247 3759 1343 3832 nequit
1358 3758 1487 3815 uirtutem
1498 3759 1578 3815 turba
1593 3760 1718 3815 laborum
1732 3778 1740 3816 ι

1091 3851 1179 3923 (liujus
1193 3852 1253 3920 iter,
1266 3867 1388 3923 gressus,
1404 3852 1544 3908 obstacula
1558 3852 1793 3921 nullaretardaat,

1092 3942 1152 4000 Non
1170 3943 1312 4013 strepitus,
1327 3958 1382 3998 non
1400 3943 1440 3997 ira
1454 3942 1549 4010 maris,
1561 3957 1615 3997 non
1628 3943 1706 3999 uallis
1718 3943 1846 4015 abyssus,

1091 4034 1152 4092 Non
1162 4036 1239 4107 jugo,
1255 4050 1309 4090 non
1322 4034 1388 4091 celsi
1402 4050 1524 4106 preceps
1536 4036 1650 4091 audacia
1666 4037 1784 4104 montis,

1092 4129 1287 4198 asperitasque
1297 4127 1348 4182 rite
1360 4127 1434 4182 saxis
1450 4127 1552 4182 callosa
1563 4126 1598 4192 ⁰⁸,
1611 4141 1662 4181 nec
1675 4126 1745 4197 ipsse

1093 4217 1201 4275 Linritis
1213 4218 1353 4290 amirages,
1367 4217 1531 4289 desertaque
1543 4218 1637 4274 nescia
1651 4232 1763 4288 gressus

1093 4310 1152 4365 Non
1168 4310 1257 4366 rabies
1273 4311 1358 4378 senti,
1372 4326 1426 4365 non
1439 4309 1574 4365 imbribus
1584 4310 1659 4364 ebria
1676 4309 1774 4374 nume,

252 4389 296 4448 slt
310 4392 334 4425 ’⁸
349 4404 443 4449 eontra
456 4395 520 4451 uitia
536 4412 597 4467 quae
612 4415 664 4456 nos
674 4401 849 4474 exstinguere
861 4414 976 4476 tentant,
1057 4380 1080 4435 Ῑ)
1093 4401 1154 4457 Nun
1168 4403 1289 4457 tonitrus
1302 4401 1438 4456 horrenda
1452 4402 1521 4467 lues,
1538 4414 1593 4454 non
1608 4398 1719 4454 arnhilus
1733 4415 1791 4466 aer,

250 4480 348 4549 Tutor,
361 4483 499 4553 defensor,
511 4485 608 4556 judex,
620 4489 733 4558 athleta,
746 4501 890 4562 patrunus,

249 4573 272 4628 Α
286 4577 389 4632 nostris
402 4578 507 4634 laribus
520 4596 582 4636 cum
597 4598 648 4640 nos
665 4587 832 4643 exterminet
844 4589 932 4656 orbis,

250 4661 302 4720 llic
313 4678 406 4722 noster
420 4670 567 4737 thalamus,
588 4683 712 4731 nostrum
731 4677 854 4735 firmetur
867 4682 990 4752 asylum,

562 4763 676 4821 CAPUT
694 4766 726 4823 lt.

249 4844 309 4903 Non
325 4857 414 4905 tamen
431 4851 539 4907 inlleiur
553 4858 667 4914 uterina
682 4859 764 4915 verba
780 4863 900 4930 sororis,

250 4936 317 5005 Quas
329 4940 395 4993 tanti
411 4940 505 4996 limam
519 4944 630 5014 sapiunt
647 4949 794 5018 examinis,
811 4951 868 5008 imu
890 5015 893 5020 ,

250 5024 350 5085 Verius
365 5030 422 5087 haec
433 5033 528 5088 eadem
547 5046 663 5106 possunt
677 5042 804 5098 examina
820 5042 889 5112 dici,

249 5117 319 5176 (lum
331 5132 456 5179 nostrum
472 5124 590 5185 latentur
604 5143 683 5199 opus,
697 5143 877 5205 nostramque
888 5137 1012 5207 requirat

249 5206 390 5275 incudem,
404 5213 516 5272 fluitans
529 5218 656 5275 humane
669 5222 797 5280 machina
816 5225 908 5283 molis.

249 5298 357 5372 Corpus
369 5304 403 5359 ad
415 5321 476 5362 esse
492 5323 572 5363 suum
589 5321 669 5367 vocat
685 5312 754 5369 artis
768 5315 861 5386 regula
877 5326 1000 5377 nostres:

250 5390 358 5465 Excipit
372 5398 429 5452 hac
442 5397 561 5454 hominis
585 5402 716 5471 animam,
732 5421 793 5475 qnae
808 5421 916 5477 semper
930 5411 1037 5471 abistis

1092 4493 1164 4560 Quin
1177 4491 1298 4564 Superos
1310 4492 1399 4557 adeat,
1415 4491 1481 4561 quin
1500 4490 1592 4545 visitet
1605 4500 1691 4555 astra,
1704 4488 1804 4559 licique
1903 4530 1912 4555 ,

1092 4586 1208 4642 imbibat
1221 4600 1362 4648 arcanum,
1378 4583 1471 4639 diuino
1483 4581 1556 4637 lonte
1570 4582 1741 4643 madescens.

1091 4678 1186 4734 Cernit
1200 4678 1227 4734 in
1240 4678 1348 4733 arcanis
1361 4689 1502 4746 superum,
1516 4672 1581 4746 quis
1595 4673 1726 4732 Conditor
1739 4676 1825 4744 urhis,

1091 4770 1162 4837 Quid
1176 4768 1248 4825 beris
1260 4769 1317 4838 ipse
1327 4767 1401 4832 relit,
1413 4768 1478 4838 quid
1491 4769 1594 4824 mundo
1605 4775 1748 4840 preparet,
1759 4767 1882 4838 autquid

1092 4861 1253 4925 Praesident,
1268 4860 1310 4914 rel
1325 4860 1475 4930 provideat,
1489 4861 1530 4914 uel
1548 4860 1666 4916 destinet
1682 4858 1761 4926 otbi;

1091 4953 1163 5021 Quid
1175 4952 1281 5022 possint
1295 4951 1357 5006 coeli
1373 4959 1489 5017 secreta,
1500 4949 1568 5021 quid
1582 4960 1656 5005 astra
1671 4951 1833 5020 loquantum

1090 5043 1147 5099 Cur
1161 5042 1223 5098 caeli
1238 5057 1338 5097 cursus
1354 5050 1430 5097 motu
1443 5051 1563 5111 nugetur
1576 5041 1685 5107 eudem,

1090 5137 1204 5207 Semper
1217 5136 1248 5190 in
1258 5149 1386 5190 occasum
1400 5149 1530 5204 uergens;
1547 5142 1699 5203 contraque
1713 5132 1823 5202 plancta
1833 5132 1857 5166 '¹

1090 5228 1187 5284 hiilitet
1198 5227 1222 5260 ⁰⁸
1235 5226 1351 5282 adverso
1365 5234 1452 5289 motu,
1469 5224 1626 5296 coelumque
1641 5223 1772 5279 refrenet.

1091 5319 1215 5376 hlorbida
1229 5317 1340 5372 Saturni
1354 5316 1420 5387 quid
1435 5316 1540 5372 inundo
1553 5316 1629 5372 stella
1642 5315 1772 5382 minetur,
1867 5378 1873 5383 ,

1092 5412 1215 5480 Quamne
1232 5409 1328 5465 salutis
1341 5423 1420 5463 ouem
1434 5405 1551 5466 douialis
1561 5408 1585 5441 '⁰
1597 5409 1686 5473 qratia
1703 5406 1809 5462 mundo

940 5524 1057 5582 VARIAE
1076 5524 1278 5583 lectiones

305 5595 327 5627 '¹
346 5597 399 5652 dds.
420 5601 452 5656 l.

244 5661 276 5729 ,”
295 5659 437 5724 lliemalis.

472 5580 661 5663 dedicamina.
717 5608 741 5643 ‘²
758 5610 883 5683 adaptet.
920 5617 945 5649 ‘⁸
965 5615 1020 5673 Sic.
1076 5621 1100 5653 ’¹
1117 5619 1211 5677 Actor.
1255 5617 1292 5693 ‚⁸⁸
1308 5616 1427 5675 colloss.
1479 5617 1501 5651 ⁸³
1522 5615 1660 5676 Plauetas.
1725 5617 1749 5651 ’⁸
1766 5613 1878 5677 lutat
