3992 6042
165 150 172 158 ·
238 149 263 179 ⁹
291 192 399 250 ati

1596 0 1818 19 --v-··

1075 185 1604 246 nts'rchmNEs
1642 184 2034 243 ntcrtoxutt
2080 185 2338 244 TllEOL.
2378 214 2448 227 --
2488 184 2804 243 MAG-MAG
3450 190 3555 245 ΝΞ

289 310 624 381 prosperitas
648 326 773 365 cum
806 305 921 381 ipsa
951 310 1059 364 vita
1091 307 1254 364 citius
1285 306 1629 362 terminatur.
1663 304 1871 360 Dicitur
1901 318 1938 369 Α
1972 308 2027 360 in
2057 322 2221 378 prava
2259 305 2596 361 conscientia
2641 321 2807 375 quam
2859 304 3002 360 male
3050 305 3330 363 ‘inhabitat
3356 350 3371 374 ,
3418 323 3552 379 gau-
3593 312 3605 319 '

287 402 531 473 cognitio
562 400 697 472 legis
725 401 778 455 iu
811 398 1141 472 Evangelio,
1177 413 1303 453 nam
1344 397 1620 466 auferetur
1661 395 1726 449 ab
1766 397 1867 450 int-
1939 394 2119 451 'dium
2180 398 2327 467 quod
2392 395 2559 451 babet
2624 395 2694 451 de
2765 394 3000 450 terrenis
3063 395 3265 453 delicit.
3340 395 3556 454 Dicitur

286 494 392 561 piis
417 492 513 546 tux
535 509 670 552 sna:
700 492 828 562 quia
853 490 1030 547 ludaei
1055 490 1282 546 credere
1304 488 1520 544 veritati
1544 496 1868 552 renuerunt,
1928 492 1938 506 '
1964 490 2200 561 justitia,
2227 491 2373 546 nude
2407 509 2420 544 ε
2457 487 2648 544 Indica
2681 489 2833 554 milti,
2863 489 2909 542 si
2933 489 3072 544 nosti
3114 490 3317 559 omnio,
3349 491 3408 546 in
3449 508 3557 564 qu

290 585 656 656 cognitionem
682 585 815 655 legis
836 584 1160 639 amiserunt.
1190 581 1402 638 Dicitur
1422 580 1705 654 gaudium,
1727 581 1871 635 unde

289 675 396 733 Job
430 696 443 732 ε
476 674 597 731 Lux
633 672 1016 732 obtenebrescet
1045 676 1099 730 in
1141 670 1486 729 tabernaculo
1539 673 1692 743 ejus,·
1739 672 1868 740 quia

1968 585 2054 638 eia
2079 583 2173 661 [ως
2194 583 2415 650 {iuviti-t,
2450 582 2503 637 id
2534 590 2619 638 est
2652 580 2707 636 in
2738 581 2943 653 quibus
2974 580 3207 638 habitet.

1926 849 1940 857 .

2102 920 2138 943 ¹..

2115 949 2124 962 v
2140 947 2237 990 Ἰ]“’,’.,
2266 971 2277 991 ἐ

361 1137 604 1194 Macerio
631 1178 648 1203 ‚
684 1136 944 1207 proprie3
979 1134 1124 1190 unde
1155 1131 1325 1189 David
1358 1152 1372 1188 ε
1425 1131 1547 1186 Non
1584 1142 1663 1186 est
1710 1101 1866 1219 ruina
1935 1113 1946 1152 ⁵

288 1228 556 1282 maceriae.
588 1226 799 1281 Dicitur
829 1224 1116 1295 spirituale
1159 1238 1363 1294 corpus
1401 1221 1604 1278 Clu-isti
1633 1265 1649 1291 ,
1693 1221 1747 1278 id
1786 1217 1883 1278 est'

287 1316 534 1374 Ecclesia
559 1336 575 1385 3
609 1318 762 1388 quia,
793 1316 939 1371 sieut
970 1322 1187 1371 constat
1210 1329 1279 1370 ex
1308 1314 1583 1386 lapidibus
1611 1313 1865 1377 diversis.

289 1411 364 1465 ita
399 1410 645 1465 Ecclesia
675 1425 743 1465 ex
772 1407 1014 1475 sanctis;
1046 1407 1192 1462 unde
1236 1406 1439 1462 dicitur
1472 1422 1487 1459 t
1532 1403 1596 1459 ln
1641 1404 1866 1474 [orami-

286 1508 443 1562 nibus
474 1516 637 1576 petroe
661 1546 676 1573 ,
716 1506 773 1559 in
804 1520 1028 1559 caverna
1068 1502 1333 1557 maceriae.
1377 1499 1540 1555 Petra
1571 1498 1826 1555 Christus
1849 1539 1864 1564 ,
1899 1538 1942 1598 B

288 1599 559 1655 foramina
591 1597 819 1653 vulnera
847 1594 1071 1650 Christo
1100 1595 1365 1663 impressa
1403 1607 1500 1662 per
1528 1592 1736 1659 clavos,
1769 1606 1867 1647 ca·

286 1705 455 1745 verna
484 1689 666 1761 majus
690 1687 894 1744 vulnus
923 1700 1037 1758 quo
1067 1685 1409 1757 perforatum
1442 1691 1528 1739 est
1549 1684 1694 1738 latus
1720 1701 1735 1738 ε
1769 1697 1867 1738 ca-

285 1794 453 1834 verna
481 1794 613 1850 ergo
650 1777 855 1834 dicitur
895 1775 1149 1831 maceriae
1168 1818 1185 1843 ‚
1218 1773 1270 1830 id
1298 1783 1385 1830 est
1408 1766 1668 1829 Ecclesiae
1690 1814 1707 1840 ‚
1738 1773 1867 1844 quia

284 1878 339 1925 ct
367 1868 489 1939 ejus
511 1867 616 1923 ruit
640 1883 737 1938 per
761 1866 1228 1938 compassionem.
1259 1873 1315 1921 et
1346 1864 1401 1919 in
1432 1864 1552 1934 ejus
1574 1864 1742 1920 cessit
1764 1863 1871 1918 uti·

286 1961 513 2017 litatem.
563 1960 773 2015 Dicitur
821 1958 1147 2027 secundina,
1178 1957 1232 2013 id
1260 1964 1344 2013 est
1374 1955 1625 2027 pellicula
1667 1953 1757 2008 illa
1810 1952 1865 2008 in

284 2069 399 2125 qua
431 2052 705 2109 clauditur
737 2067 874 2122 puer
906 2050 961 2105 in
991 2060 1151 2106 utero
1179 2050 1392 2114 matris,
1420 2063 1543 2117 quae
1569 2044 1866 2102 secundina

283 2144 513 2212 dicitur,
553 2143 683 2214 quia
726 2142 967 2197 secundo
993 2150 1114 2212 post
1150 2151 1379 2211 puerum
1415 2138 1704 2205 nascitur;
1745 2151 1867 2207 quae

283 2237 526 2292 maceria
557 2235 784 2301 dicitur,
838 2234 968 2305 quia
1004 2234 1243 2304 quodam
1285 2232 1447 2286 modo
1484 2247 1617 2301 puer
1644 2245 1707 2284 ea
1744 2217 1866 2284 nui·

287 2327 458 2392 nitur,
486 2341 556 2381 ne
586 2325 793 2395 aliquid
830 2325 879 2381 ei
941 2335 1173 2389 not-cau
1233 2323 1379 2378 unde
1433 2320 1700 2378 obstetrix
1728 2320 1867 2376 dixit

282 2422 355 2477 ad
386 2421 629 2489 Pinares,
680 2421 809 2492 quia
854 2420 1066 2492 primus
1127 2429 1287 2476 uatus
1328 2427 1414 2475 est
1450 2418 1517 2475 ‹le
1562 2417 1805 2475 Thamar
1847 2437 1862 2476 ε

287 2513 549 2586 Nunqnid
573 2523 789 2584 propter
822 2522 869 2567 te
897 2511 1069 2567 divisa
1089 2520 1166 2566 est
1199 2513 1469 2567 maceria?
1498 2511 1549 2567 id
1577 2520 1662 2568 est
1688 2511 1865 2567 divisa

284 2604 588 2660 secundina
609 2645 624 2671 ,
664 2612 723 2659 ut
752 2603 907 2675 prius
937 2602 1244 2658 nascereris
1271 2616 1437 2672 quam
1480 2600 1683 2657 Emron
1702 2642 1717 2668 ,
1764 2602 1858 2672 qui

286 2698 466 2766 primo
493 2711 713 2751 manum
743 2711 900 2751 suam
928 2695 1210 2760 emiserat,
1238 2694 1401 2763 cujus
1425 2693 1653 2750 brachio
1682 2694 1862 2750 obste-

287 2786 393 2840 trix
441 2785 760 2858 alligaverat
805 2785 956 2839 filum
1004 2784 1070 2838 ad
1114 2784 1444 2842 servandum
1489 2785 1637 2855 quod
1686 2784 1862 2855 primo

2047 1129 2327 1196 lfactare,
2369 1130 2610 1203 proprie.
2659 1129 2824 1187 Notat
2864 1141 3086 1204 peccata
3119 1134 3173 1188 in
3213 1133 3436 1193 bomine
3462 1138 3555 1195 dc-

1935 1228 1948 1247 ·
1973 1235 2205 1287 sti-uero,
2237 1224 2378 1279 undv¹
2406 1222 2572 1281 Petro
2596 1225 2802 1280 dictum
2827 1235 2909 1281 est
2937 1246 2950 1281 :
2981 1226 3161 1283 Macte
3182 1238 3232 1283 ει
3257 1231 3553 1296 manduco:

1933 1318 1950 1339 ⁰
1973 1331 2033 1371 ar
2065 1319 2105 1367 si
2141 1315 2338 1371 dicer-:t
2370 1335 2382 1371 :
2414 1315 2466 1367 ln
2498 1315 2814 1371 homiuibus
2837 1318 2964 1373 vitia
2995 1319 3236 1389 destrue,
3274 1331 3331 1378 ct
3359 1324 3440 1381 sic
3469 1325 3554 1380 in-

1973 1423 2217 1495 curpet‘aj
2229 1407 2506 1463 Ecclesia

2049 1467 2282 1659 ,ἲὲἧῷ
2306 1499 2526 1567 propi-ic
2573 1499 2770 1555 laesura
2806 1490 3076 1572 corporis,
3103 1504 3247 1561 uude
3273 1504 3470 1577 legitur
3494 1508 3549 1562 in

1969 1587 2101 1639 Lcii‘
2207 1587 2310 1663 pud
2338 1607 2510 1659 agnus
2534 1591 2864 1647 offerebatur
2884 1594 3004 1648 siue
3035 1596 3270 1662 macula,
3298 1614 3403 1654 non
3426 1599 3553 1655 dico

1973 1683 2205 1743 tillet-iz*
2221 1679 2314 1735 51:⁵1]
2334 1681 2605 1752 cnr-puris,
2625 1682 2677 1738 id
2694 1673 2888 1755 estqui
2909 1701 3015 1741 non
3036 1687 3272 1744 babebat
3294 1690 3548 1747 laesuram

1968 1770 2024 1823 iu
2057 1785 2307 1841 corpore,
2334 1772 2384 1826 id
2412 1782 2496 1829 est
2525 1790 2624 1831 uec
2655 1776 2863 1842 luscus..
2887 1780 2998 1833 ‘uec
3027 1795 3227 1846 catcus,
3268 1798 3369 1839 nec
3396 1784 3550 1840 clau·

1967 1860 2075 1917 dus
2099 1863 2183 1915 vel
2210 1864 2347 1932 pede
2372 1863 2601 1921 fractus,
2631 1865 2843 1924 Dicitur
2865 1871 3171 1928 criminalis
3193 1874 3376 1945 culpa,
3402 1877 3550 1933 uude

1970 1953 2025 2007 in
2059 1953 2156 2009 lib.
2197 1953 2491 2024 Sapientiae
2518 1977 2533 2013 z
2565 1958 2765 2014 Beatus
2809 1964 2890 2015 cir
2922 1965 3012 2033 qni
3043 1967 3286 2021 inventur
3326 1980 3406 2024 est
3433 1972 3548 2027 sine

1970 2043 2205 2099 macula.
2252 2044 2463 2101 Dicitur
2501 2048 2694 2117 culpa,
2739 2051 2883 2105 unde
2912 2051 3167 2109 Christus
3198 2056 3399 2112 dicitur
3426 2076 3548 2116 esse

1969 2133 2090 2188 sine
2121 2135 2357 2203 macula,
2392 2136 2446 2191 id
2477 2146 2565 2193 est
2593 2139 2857 2197 immunis
2888 2157 2918 2196 a
2955 2144 3135 2214 culpa.
3238 2205 3256 2220 Ι

2045 2222 2391 2295 Maynificare
2438 2226 2714 2298 significat
2745 2247 3004 2303 magnum
3036 2237 3332 2305 praedicare
3357 2283 3372 2307 ‚
3405 2245 3551 2300 unde

1969 2314 2139 2372 David
2172 2335 2185 2372 ε
2236 2317 2580 2390 Mnynificate
2626 2322 2915 2378 Dominum
2965 2342 3187 2383 mecum.
3234 2330 3398 2387 Notat
3433 2350 3551 2390 ma-

1967 2424 2135 2480 gnum
2166 2408 2368 2479 facere,
2400 2413 2545 2469 unde
2576 2412 2707 2485 Sap.
2737 2434 2751 2470 z
2787 2416 3152 2489 Magnificarit
3176 2440 3295 2477 enm
3317 2425 3370 2479 in
3392 2425 3550 2483 tande

1966 2518 2087 2557 sna.

2042 2593 2471 2666 dlaqnificentia,
2502 2600 2724 2671 proprie
2749 2641 2764 2667 ,
2810 2612 3096 2672 potestas;
3139 2607 3284 2664 unde
3326 2609 3495 2667 David
3531 2632 3547 2668 ι

1970 2688 2428 2761 Maqnificentiam
2461 2704 2611 2748 tuam
2642 2695 2961 2754 narrabunt.
3014 2698 3226 2757 Dicitur
3264 2704 3436 2774 gloria
3463 2709 3550 2763 vel

1968 2775 2138 2848 sama,
2167 2782 2313 2839 unde
2342 2783 2399 2839 in
2430 2784 2651 2842 Psalmo
2675 2805 2690 2843 t
2719 2780 2982 2854 Quoniam
3011 2792 3213 2849 elevata
3239 2808 3316 2850 εει
3345 2801 3552 2871 muyni-

285 2878 600 2933 nasciturus
626 2886 761 2933 erat.
800 2876 1012 2932 Dicitur
1035 2875 1293 2933 Christus
1322 2876 1417 2947 qui
1444 2882 1661 2932 constat
1688 2891 1754 2931 ex
1782 2876 1866 2930 di-
1893 2884 1937 2944 c
1967 2869 2182 2938 licentia
2216 2884 2310 2927 tna
2340 2891 2499 2944 super
2523 2876 2699 2931 coelos.
2733 2876 2945 2935 Dicitur
2973 2880 3147 2940 Filius
3180 2883 3310 2952 Dei,
3342 2888 3410 2944 de
3436 2905 3550 2960 quo

285 2971 461 3027 versis
490 2971 754 3025 membris
777 3011 793 3036 ,
824 2969 968 3025 sicut
1011 2969 1251 3024 maceria
1291 2984 1358 3025 ex
1401 2968 1634 3025 diversis
1667 2968 1866 3037 lapidi-

286 3062 430 3129 l›us;
465 3063 612 3118 unde
643 3063 699 3117 iu
726 3060 988 3116 Psalmo:
1022 3058 1308 3131 Quousque
1346 3061 1556 3115 irruitis
1593 3062 1648 3115 in
1696 3060 1868 3115 leonti·

284 3171 405 3210 nem
425 3156 451 3210 ,⁹
481 3154 779 3223 interficitis
803 3154 1033 3208 universi
1057 3169 1167 3218 vos,
1201 3152 1433 3209 subaudi
1468 3152 1864 3219 incumbentes,

288 3254 539 3317 tanquam
578 3245 775 3314 parieti
813 3244 1071 3299 inclinato
1105 3253 1155 3299 et
1187 3245 1430 3299 maceria·
1464 3243 1733 3314 depulsae?
1767 3258 1867 3300 vo·

287 3336 463 3392 lentes
486 3337 767 3393 Christum
795 3336 1011 3402 delere,
1039 3350 1105 3392 ac
1145 3335 1191 3391 si
1237 3336 1310 3391 sit
1352 3335 1535 3407 paries
1572 3336 1868 3393 inclinatus

286 3437 343 3481 et
387 3429 626 3483 maceria
663 3427 916 3498 depulsa,
942 3428 1100 3498 quasi
1131 3427 1356 3496 possitis
1385 3442 1585 3484 nomen
1614 3429 1736 3501 ejus
1770 3428 1867 3483 de·

290 3523 401 3575 lere
430 3520 499 3574 de
526 3528 693 3587 terra,
717 3520 813 3590 qui
841 3518 918 3573 ait
942 3537 956 3572 :
989 3517 1125 3573 Deus
1147 3529 1417 3590 susceptor
1440 3530 1606 3586 meua.
1630 3538 1736 3577 non
1763 3538 1868 3577 mo-

287 3611 443 3667 vebor
468 3610 722 3682 amplius.
756 3610 966 3666 Dicitur
990 3609 1279 3665 difficultas
1309 3612 1693 3682 perfectiouis,
1723 3614 1868 3669 uude

288 3703 555 3760 Dominus
587 3717 682 3774 per
711 3700 1032 3774 proplietam
1056 3700 1195 3757 Osee
1221 3701 1298 3756 ait
1323 3721 1337 3757 ε
1370 3700 1508 3757 Ecce
1544 3720 1637 3774 eqo
1667 3703 1867 3775 sepiam

290 3799 431 3851 ciam
469 3804 618 3850 tuom
669 3796 857 3865 spinis,
898 3804 947 3850 ει
985 3796 1187 3866 sepiam
1222 3811 1335 3852 eam
1381 3797 1631 3850 maceria.
1683 3796 1868 3868 Spinis

286 3888 586 3943 electorum
617 3887 721 3942 viae
760 3888 1069 3956 sepiuntur,
1122 3888 1251 3943 dum
1300 3888 1573 3943 idolorum
1612 3888 1868 3959 punctio·

291 3998 388 4038 nes
420 3982 728 4050 inveniunt,
754 3991 810 4039 et
840 3982 1001 4054 quasi
1029 3982 1353 4051 interposita
1385 3982 1620 4038 maceria
1644 3981 1748 4038 viis
1770 3998 1868 4037 eo-

290 4089 412 4127 rum
445 4074 724 4141 obviatur,
754 4090 991 4147 quorum
1033 4073 1293 4128 nimirum
1328 4072 1682 4145 perfectionis
1724 4071 1868 4128 diffi-

288 4168 468 4223 cultas
501 4166 806 4238 impugnat.
842 4165 1050 4224 Dicitur
1082 4167 1316 4224 munitio
1344 4165 1681 4238 disciplinae.
1723 4166 1867 4222 unde

1969 2960 2136 3013 etiam
2168 2960 2309 3017 solet
2337 2966 2536 3034 exponi
2566 2968 2852 3038 praemissa
2892 2974 3194 3030 auctoritas
3220 3014 3235 3041 ,
3278 2978 3407 3047 quia
3453 2977 3549 3035 Dei

1969 3047 2152 3107 Patris
2179 3054 2587 3125 magnificentia
2619 3098 2635 3125 ‚
2677 3058 2731 3113 id
2768 3069 2852 3116 est
2889 3060 3062 3119 Filius
3089 3062 3270 3121 Patris
3302 3069 3552 3140 magnili-

1970 3156 2105 3199 cans
2132 3144 2379 3203 elevatus
2403 3157 2484 3204 cst
2514 3164 2682 3220 super
2711 3152 2900 3209 coelos.

2045 3233 2363 3307 Magnitudo
2384 3280 2401 3307 ,
2428 3241 2682 3311 proprie,
2710 3243 2896 3300 divina
2926 3246 3223 3319 maiestas;
3249 3251 3395 3307 unde
3427 3271 3442 3308 z
3480 3253 3550 3309 Et

1968 3328 2355 3398 magnitudinis
2393 3331 2509 3402 ejus
2541 3350 2645 3389 non
2689 3345 2767 3391 est
2801 3337 2947 3407 finis.
3002 3339 3215 3397 Dicitur
3257 3345 3549 3405 multitudo

1968 3418 2170 3476 divinae
2195 3422 2590 3481 misericordia!
2613 3470 2628 3494 ,
2664 3427 2808 3484 unde
2850 3430 2906 3484 in
2946 3429 3165 3487 Psalmo
3196 3452 3209 3488 :
3246 3433 3315 3490 Ee
3343 3440 3551 3509 magni-

1969 3512 2208 3569 tudinem
2245 3525 2392 3570 tuam
2426 3518 2981 3578 narrabunt.‘Dicitur
3006 3525 3244 3596 dignitas
3304 3512 3424 3599 ejus
3458 3533 3548 3588 eui

1970 3616 2125 3674 paret
2151 3610 2465 3678 multitudo,
2488 3613 2635 3668 unde
2657 3612 2866 3672 Statius
2895 3633 2910 3670 z

2252 3700 2453 3773 Magna
2483 3720 2601 3758 cum
2638 3709 2932 3778 majestate.

2044 3788 2291 3862 Magnus,
2325 3795 2544 3865 proprie
2605 3797 2909 3855 immensus
2939 3842 2954 3866 ‚
2984 3802 3126 3858 unde
3176 3801 3344 3860 David
3376 3825 3391 3861 τ
3432 3806 3552 3862 Ma-

1966 3898 2103 3952 ynuz
2136 3883 2394 3940 Dominus
2416 3895 2465 3941 et
2493 3886 2788 3944 laudabilis
2819 3893 2998 3948 nitriis.
3032 3893 3241 3951 Dicitur
3269 3898 3551 3969 insupera-

1972 3971 2122 4040 bilis,
2157 3972 2356 4029 ibidem
2389 3973 2500 4030 :Et
2532 3992 2724 4047 magna
2749 3979 2918 4033 virens
2948 3980 3087 4049 ejus.
3119 3981 3330 4041 Dicitur
3358 3989 3550 4046 tit-mus

1969 4065 2054 4120 vel
2082 4063 2329 4134 fervenS,
2367 4069 2511 4124 unde
2535 4069 2592 4124 in
2621 4069 2915 4142 Evangelio
2943 4091 2957 4128 ε
2995 4072 3213 4140 Mulier,
3243 4095 3436 4150 maqna
3471 4093 3550 4137 est

1970 4157 2102 4227 fides
2127 4168 2240 4214 tna.
2296 4158 2508 4217 Dicitur
2551 4164 2821 4220 mirabilis
2846 4206 2861 4233 ,
2905 4167 3050 4223 unde
3091 4164 3308 4226 David:
3351 4172 3551 4245 Magna

290 4259 338 4313 ia
368 4258 619 4315 Psalmo:
641 4258 686 4314 U
691 4260 836 4330 tqnid
858 4260 1175 4314 destruxisti
1203 4259 1489 4315 maceriam
1510 4258 1625 4329 ejus
1647 4254 1867 4312 ‚vsstSa-
1898 4233 1941 4288 D
1970 4263 2129 4320 Opera
2157 4247 2395 4305 Dvmt'm‘·
2449 4251 2661 4308 Dicitur
2684 4255 2868 4325 gravis
2891 4297 2908 4323 ,
2936 4258 3080 4314 unde
3119 4258 3174 4313 in
3205 4260 3377 4331 Apoc.
3415 4282 3429 4319 :
3476 4264 3549 4320 115

290 4352 476 4406 tomon
506 4369 519 4406 :
552 4350 658 4404 Per
689 4367 879 4422 (tyrum
912 4351 1144 4407 hominis
1169 4353 1310 4424 piqri
1344 4351 1567 4406 transivi
1594 4360 1643 4405 et
1672 4365 1763 4421 per
1790 4351 1871 4405 tvi-

287 4459 443 4499 neam
478 4442 632 4498 stulti
659 4443 800 4507 viri;
828 4452 878 4496 et
904 4459 1019 4498 ecce
1050 4453 1218 4499 totum
1248 4443 1434 4498 urticoe
1455 4450 1793 4513 operuerunt,
1820 4450 1872 4495 et

290 4536 526 4589 ntaceria
558 4533 799 4605 lapidum
826 4533 1100 4588 destructa
1127 4542 1264 4587 erat.
1287 4530 1390 4588 Per
1411 4547 1604 4603 agrum
1632 4531 1872 4587 hominis

288 4626 432 4697 pigri
454 4636 507 4681 et
526 4642 623 4696 per
641 4625 858 4682 vineam
883 4625 986 4681 viri
1012 4625 1163 4681 stulti
1193 4624 1450 4692 transire,
1474 4632 1557 4679 est
1578 4622 1871 4693 cujuslibet

294 4719 462 4772 vitam
490 4719 814 4789 negligentis
845 4718 1136 4789 inspicere,
1168 4733 1333 4789 quam
1370 4716 1559 4773 urticae
1586 4718 1671 4771 vel
1701 4715 1871 4786 spiuae

295 4808 537 4879 replent,
573 4811 699 4881 quia
752 4810 809 4865 in
861 4809 1027 4866 corde
1069 4807 1395 4880 negligentis
1424 4806 1724 4877 prurientia
1764 4815 1871 4862 ter-

293 4915 425 4959 rena
448 4901 711 4956 desideria
735 4914 788 4957 et
815 4902 1262 4973 compunctiones
1286 4902 1554 4973 pullulant
1574 4902 1830 4957 vitiorum
1851 4918 1865 4967 ;

292 4990 524 5046 maceria
541 4999 720 5045 autem
733 4991 971 5060 lapidum
985 4991 1255 5045 destructa
1268 4999 1406 5055 erat,
1423 4990 1474 5046 id
1487 4986 1865 5058 estdisciplina

295 5084 517 5139 Patrum
542 5083 613 5137 ab
637 5082 757 5152 ejus
778 5083 942 5139 corde
970 5084 1258 5139 dissoluta.
1292 5080 1499 5137 Dicitur
1523 5079 1867 5136 obstaculum

292 5177 439 5247 quod
463 5174 568 5232 suit
583 5175 715 5231 inter
742 5173 959 5230 Judaeos
981 5186 1033 5231 et
1055 5178 1283 5247 gentiles
1299 5174 1640 5231 antechristi
1663 5175 1869 5229 adven-

293 5280 408 5324 tum
434 5286 449 5332 ;
482 5267 610 5337 quia
637 5309 653 5333 ‚
693 5280 793 5321 ncc
833 5268 1065 5337 gentiles
1090 5270 1158 5324 ad
1184 5267 1403 5324 Judaeos
1431 5274 1683 5337 poterant
1708 5281 1868 5321 acce-

291 5362 420 5416 ‹let-e
455 5368 677 5430 propter
709 5358 1073 5414 idololatriam
1101 5399 1116 5424 ,
1157 5374 1257 5414 nec
1303 5358 1477 5414 Judaei
1525 5357 1591 5412 ad
1636 5358 1867 5428 gentiles

253 5449 258 5454 ’
292 5463 516 5523 propter
540 5451 715 5522 legem
740 5448 1037 5506 Mosaicam
1062 5468 1077 5517 ;
1102 5451 1248 5505 unde
1268 5450 1471 5521 legitur
1491 5449 1636 5520 quod
1680 5463 1859 5504 mace·

293 5546 373 5601 ria
401 5562 524 5616 quae
551 5552 670 5600 erat
693 5542 834 5599 inter
856 5541 1059 5599 Judeos
1091 5552 1144 5596 et
1168 5542 1393 5614 gentiles
1425 5558 1521 5615 per
1543 5539 1745 5597 Clu-isti
1775 5538 1869 5593 ad-

297 5649 515 5709 rentum
546 5637 656 5692 lata
684 5647 786 5690 est.

1970 4348 2094 4394 sum
2134 4341 2224 4410 qni
2268 4353 2514 4398 venerunt
2559 4345 2625 4399 de
2681 4345 3025 4402 tribulatione
3076 4365 3289 4422 maana.
3341 4351 3550 4409 Dicitur

1926 4488 1930 4492 ,
1970 4430 2258 4487 abundans
2280 4475 2295 4499 ,
2330 4432 2476 4488 unde
2505 4434 2558 4489 in
2589 4433 2883 4507 Evangelio
2912 4455 2926 4491 z
2968 4436 3141 4493 Homo
3171 4441 3389 4511 quidam
3424 4442 3552 4514 [ecit

1968 4539 2172 4577 coettum
2212 4540 2496 4596 inaquam:
2540 4534 2594 4581 et
2624 4526 2754 4581 alibi
2785 4545 2799 4581 ε
2834 4526 3084 4583 Miserere
3108 4530 3210 4584 mei
3229 4572 3245 4595 ‚
3272 4531 3444 4600 Deus,
3468 4551 3549 4590 εε-

1970 4617 2204 4671 cundnm
2235 4632 2483 4688 inaquam
2515 4617 2940 4673 misericordiam
2971 4629 3141 4676 tuam.
3174 4619 3384 4679 Dicitur
3406 4627 3550 4680 mul·

1970 4718 2060 4764 tus
2085 4749 2101 4775 ‚
2143 4710 2289 4765 unde
2319 4708 2376 4763 in
2402 4707 2572 4778 Apoc.
2606 4728 2620 4764 ε
2666 4706 2789 4764 Vidi
2823 4708 3032 4764 turbam
3063 4728 3310 4783 magnam
3337 4756 3352 4781 ,
3387 4715 3438 4770 id
3465 4727 3553 4771 est

1972 4803 2221 4858 multam.
2243 4801 2455 4859 Dicitur
2478 4802 2679 4858 mentis
2695 4801 2936 4872 devotio,
2956 4821 3209 4877 magnam
3237 4822 3350 4862 rem
3379 4806 3477 4876 sig·
3503 4809 3548 4863 i·

1971 4890 2145 4946 ticans
2179 4891 2353 4946 velex
2386 4905 2582 4960 magna
2618 4906 2677 4946 re
2704 4893 3007 4961 procedens
3031 4935 3047 4961 ‚
3081 4894 3226 4950 unde
3265 4894 3462 4965 legitur
3493 4897 3547 4952 iu

1971 4981 2110 5037 Dan.
2145 4982 2455 5038 Susannam
2497 4982 2766 5039 clamasse
2797 5000 2933 5040 voce
2967 5001 3190 5056 magna,
3220 4999 3330 5040 non
3369 5004 3549 5057 ‹ptati-

1971 5087 2087 5133 tum
2117 5075 2184 5130 ad
2212 5075 2368 5131 vocis
2396 5076 2755 5130 sonoritatem
2784 5117 2799 5142 ,
2834 5076 2929 5130 sed
2952 5086 3219 5145 quantum
3251 5077 3318 5131 ad
3352 5080 3550 5136 mentis

1970 5167 2335 5223 devotionem.
2374 5164 2584 5220 Dicitur
2615 5168 2871 5221 incensus
2895 5203 2911 5227 ,
2952 5164 3094 5219 unde
3125 5166 3178 5219 in
3206 5164 3498 5240 Evangelio
3530 5187 3547 5226 ;

1971 5256 2152 5314 Gavisi
2180 5265 2300 5310 sunt
2331 5258 2528 5327 yandio
2556 5271 2747 5327 nmqno
2777 5255 2946 5320 valde,
2980 5253 3032 5309 id
3062 5264 3146 5310 est
3174 5255 3419 5313 incenso.
3457 5257 3551 5313 Di-

1969 5352 2113 5406 citur
2150 5349 2456 5420 proi'undus
2482 5389 2499 5415 ,
2526 5349 2674 5404 unde
2700 5346 2866 5403 David
2899 5364 2913 5401 :
2953 5345 3068 5400 Hoc
3103 5364 3250 5402 neure
3275 5365 3546 5419 ritaqnum.

1971 5441 2183 5498 Dicitur
2210 5442 2460 5498 occultus
2489 5442 2573 5496 vel
2603 5441 2772 5503 utilis,
2800 5440 2944 5494 unde
2976 5438 3146 5494 isaias
3173 5457 3187 5494 :
3219 5438 3402 5511 Maqni
3425 5457 3550 5493 con-

1978 5534 2095 5588 silii
2124 5532 2373 5603 Anqelns.
2404 5530 2613 5588 Dicitu'r
2641 5530 2805 5585 ctiam
2832 5529 2986 5585 valde
3011 5530 3292 5598 solemnis,
3324 5531 3465 5586 unde
3495 5533 3551 5599 in

1980 5625 2272 5698 Evangelio
2306 5644 2319 5680 z
2354 5626 2486 5682 Erat
2511 5626 2647 5678 enim
2676 5638 2892 5692 tnaynus
2917 5622 3027 5677 dies
3057 5621 3144 5677 itte
3175 5620 3417 5679 Sabtma:
3460 5618 3554 5675 Di-
