3992 6042
215 204 254 270 ⁹⁸
859 170 956 263 uam
975 203 1021 260 nn
1039 201 1185 261 msuus
1438 193 1441 198 ·
1472 194 1475 197 ·
1509 201 1511 203 >
1634 195 1640 209 ·
1811 200 1864 259 eg.

217 337 333 380 suorum
354 318 525 378 famulorum
543 315 682 383 erectione
702 331 774 390 sepe
800 315 944 390 improbos
957 334 1003 376 re·
1019 318 1114 381 Ailou
1132 326 1175 377 est
1193 316 1270 390 quod
1283 317 1310 372 iu
1323 312 1473 389 Erarrgelio
1489 317 1606 391 legitur.
1623 313 1704 383 «Qun
1715 328 1777 372 cunr
1790 332 1842 374 au·

215 413 343 485 primitet
356 412 477 467 retundit
493 412 700 483 malignantium
714 412 842 468 insultus.
855 411 1005 478 Terribilis,
1058 410 1146 465 disset
1157 408 1267 464 turbata
1282 415 1323 464 est
1338 408 1365 462 in
1384 422 1511 463 sermone
1523 408 1583 478 ejus
1594 416 1621 463 et
1630 407 1765 478 cogitabat
1777 424 1845 479 uua·

215 506 341 574 inquam,
361 500 505 569 baereticis,
522 516 593 572 quos
610 510 657 556 tua
683 500 784 556 uirtute
804 500 963 569 confundis,
979 509 1012 556 et»
1056 500 1090 557 lis
1102 510 1174 557 esset
1189 500 1240 556 ista
1255 499 1383 556 salutatio
1391 497 1468 567 (Luc.
1479 498 1531 571 nl.»
1546 498 1579 554 Et
1592 500 1644 556 boc
1658 510 1765 570 propter
1776 516 1844 571 guu-

217 594 481 666 perduceremur
502 607 611 649 errores
632 608 649 648 a
670 593 725 647 tuis
747 592 1005 651 delectationibus”
1056 592 1145 663 drigm
1171 590 1330 647 emturum.
1358 589 1426 648 Nota
1454 603 1574 662 quatuor
1603 592 1688 649 luisse
1711 608 1759 662 per
1783 606 1845 662 quta

215 689 333 744 avertis.
351 686 386 743 Ut
400 695 549 741 castrorum
562 685 631 740 ecies
644 685 781 753 ordinatu,
796 685 824 740 id
836 686 925 742 estita
942 687 1005 753 irie,
1056 683 1183 740 Christus
1209 681 1285 739 uenit
1318 683 1345 737 in
1374 683 1507 755 virginem
1533 682 1660 751 blarlarn,
1689 685 1843 750 humilitas,

214 790 300 853 spect
313 781 458 838 dilectione
472 778 576 837 munita
587 820 595 846 ,
608 786 639 834 ει
652 777 734 834 εειιίε
745 779 941 835 tentationibus
954 780 1013 834 ini-,
1056 774 1187 841 ebaritas,
1210 774 1412 843 misericordia,
1444 776 1599 845 prudentia.
1616 775 1697 831 Venit
1721 778 1794 832 euim
1816 777 1844 832 in

213 873 276 930 miei
292 873 376 929 caleat
392 868 617 942 penetrarillota
632 871 707 941 quod
722 871 824 942 reginae
839 882 1011 928 rocaverunt.
1056 882 1165 924 summa
1183 867 1337 923 bumilitate
1345 867 1431 923 Filius
1444 867 1490 923 llei
1506 867 1540 924 ad
1553 866 1705 940 Virginem,
1721 878 1751 924 ut
1768 877 1844 926 tanta

214 981 274 1022 earn
298 979 439 1030 auroram,
462 962 558 1017 lunam
587 969 614 1018 et
640 962 738 1027 solem,
758 968 787 1017 et
803 961 959 1018 ordinatam
974 972 1006 1019 nt
1056 970 1129 1017 esset
1149 960 1290 1017 humilitas
1312 961 1341 1016 in
1357 960 1547 1032 lledemptore,
1565 971 1669 1031 quatita
1689 961 1780 1019 luerat
1794 980 1844 1019 su-

213 1066 368 1114 castrorum
390 1054 488 1120 aciem,
517 1053 646 1111 Christus
671 1062 765 1119 autem
790 1060 875 1110 uocat
893 1055 1004 1110 bortum
1057 1051 1150 1122 perbia
1164 1052 1192 1109 iu
1206 1052 1467 1124 primo-peccatore.
1482 1052 1571 1108 Tanta
1585 1054 1659 1109 eninr
1677 1053 1730 1109 luit
1746 1070 1845 1125 supcr-

214 1164 310 1212 suum,
322 1147 437 1203 dicens:
964 1172 969 1183 ·
1057 1144 1101 1199 bia
1120 1145 1148 1201 in
1172 1145 1263 1214 primo
1286 1153 1410 1216 parente,
1431 1153 1461 1200 ει
1475 1159 1507 1201 εε
1522 1145 1640 1216 erigeret
1652 1154 1748 1201 contra
1762 1162 1844 1202 suum

242 1239 371 1295 Desceudi
383 1239 411 1292 in
422 1238 528 1293 bortum
543 1253 641 1306 uterum,
656 1245 685 1292 ut
705 1238 821 1294 riderem
833 1254 913 1309 pontu
935 1254 1004 1293 con-t
1055 1237 1234 1306 Greatorem3
1252 1246 1328 1295 lanta
1341 1237 1484 1294 humilitas
1509 1238 1537 1293 in
1559 1236 1607 1293 llei
1623 1237 1705 1304 Filio,
1725 1238 1798 1307 quod
1814 1253 1845 1296 sc

212 1330 302 1387 celtis.
1056 1325 1227 1384 inclinaverit
1242 1327 1266 1360 ἰ
1280 1343 1369 1399 εεεεε
1391 1328 1424 1385 ad
1441 1328 1663 1386 miseriaecarnis
1683 1339 1786 1387 nostrae
1799 1346 1845 1388 as·

249 1421 335 1490 Quasi
356 1422 474 1481 diecret:
494 1422 645 1491 Quintalis
665 1430 708 1478 est
728 1420 814 1493 Virgo
831 1421 889 1492 iam
906 1421 1005 1477 burna·
1055 1421 1241 1489 sumptionem
1271 1419 1357 1492 (Pbil.
1384 1422 1426 1493 n).
1459 1420 1559 1478 llulier
1583 1423 1678 1492 prima
1698 1422 1786 1479 voluit
1814 1437 1845 1480 se

213 1525 379 1571 natussum
404 1515 432 1573 in
453 1514 599 1586 virginalis
624 1514 695 1569 uteri
718 1513 881 1571 thalamo⁹¹.
897 1510 947 1569 llic
963 1522 1007 1570 est
1054 1527 1164 1583 aquare
1188 1512 1256 1580 ileo,
1285 1530 1315 1571 se
1335 1513 1468 1572 humilem
1491 1512 1537 1570 bei
1565 1515 1693 1571 ancillam
1719 1515 1844 1586 professa

212 1606 311 1662 bortus
330 1605 361 1660 in
377 1620 433 1676 quo
451 1607 559 1676 spirant
582 1605 715 1663 uirtutum
738 1612 876 1671 aromata,
899 1603 927 1658 iu
946 1618 1003 1674 quo
1054 1616 1097 1660 est
1120 1605 1239 1677 gloriosa
1259 1605 1352 1678 llirgo.
1369 1606 1503 1663 Similiter
1526 1622 1562 1664 ex
1581 1622 1688 1663 summa
1711 1608 1845 1666 charitate

212 1696 339 1753 redolent
349 1697 486 1767 patiendae
501 1698 617 1754 rosaria.
633 1696 684 1754 llic
697 1706 740 1755 εει
752 1698 850 1754 hortus
864 1695 1002 1755 fructibus
1019 1677 1140 1755 BFilius
1152 1697 1200 1754 bei
1212 1699 1354 1755 inclinarit
1366 1716 1395 1756 se
1405 1699 1519 1768 ⁸⁸.·Qure
1528 1701 1601 1756 enim
1617 1710 1660 1757 est
1673 1700 1763 1769 maior
1774 1702 1843 1758 eba-

210 1789 380 1856 rcduudans,
396 1790 483 1860 copiis
496 1791 663 1857 exuberans,
676 1790 744 1846 bore
758 1791 927 1863 virginitatis
939 1806 1002 1845 rer·
1054 1791 1135 1856 ritas,
1151 1806 1234 1861 quarn
1249 1791 1349 1847 lilium
1363 1790 1411 1847 boi
1423 1794 1515 1848 uenire
1528 1792 1555 1848 in
1569 1793 1701 1848 mundum
1719 1802 1749 1847 ει
1770 1794 1843 1849 redi·

210 1894 293 1948 arans,
317 1895 398 1950 quem
420 1894 477 1936 uon
500 1882 573 1941 renti
593 1882 914 1953 tangitausteritas,nbi
930 1883 1003 1937 mol·
1053 1890 1141 1938 meret
1163 1897 1283 1949 sernum,
1302 1883 1325 1916 ⁹⁸
1351 1892 1381 1938 ut
1407 1893 1517 1940 sanaret
1532 1886 1683 1955 εςεειεεει
1710 1884 1843 1941 Similiter

210 1969 289 2026 lionis
305 1972 480 2042 auraegratia
500 1971 687 2030 indesinenter
705 1975 820 2043 aspirat,
839 1980 867 2029 ει
882 1974 1003 2031 vernalis
1054 1987 1163 2027 summa
1186 1972 1274 2043 pietas
1297 1982 1326 2028 ct
1352 1974 1541 2031 misericordia
1566 1976 1718 2032 incanuerit
1740 1976 1842 2034 Filium

208 2062 357 2119 ammonitas
377 2061 462 2117 allicit
486 2062 633 2120 intuentes.
658 2062 693 2120 Et
707 2073 773 2120 nota
787 2064 873 2135 quod,
888 2065 936 2121 ubi
953 2065 1004 2120 ba·
1054 2059 1114 2116 bei.
1130 2059 1198 2127 Que
1212 2061 1286 2117 enlm
1299 2062 1390 2132 major
1401 2063 1489 2133 pietas
1508 2075 1535 2119 et
1547 2065 1739 2122 misericordia
1758 2083 1843 2137 quam

209 2151 354 2212 demusin
383 2153 474 2209 littera
498 2162 595 2209 nostra
614 2171 719 2222 meunt,
750 2156 863 2226 quidam
893 2156 1003 2213 codices
1054 2151 1140 2210 ileum
1155 2169 1185 2210 se
1199 2154 1381 2211 exinanirent
1395 2156 1467 2211 servi
1480 2155 1842 2232 iormamaccipere(ibid.),

209 2243 313 2301 lrabeul
322 2262 431 2314 runcum,
443 2247 517 2317 quod
531 2246 669 2318 eleganter
678 2247 808 2303 conuenit
817 2246 925 2320 Virgini
938 2249 1001 2318 glo·
1053 2261 1137 2316 guam
1149 2246 1275 2316 cpillcem
1290 2262 1360 2319 opus
1375 2263 1455 2303 suurn
1469 2248 1574 2318 eripere
1590 2249 1624 2306 de
1644 2250 1706 2306 lacu
1719 2250 1793 2307 lucis
1815 2262 1844 2311 et

209 2338 299 2394 riosae.
315 2337 492 2409 Nunquippe
509 2339 731 2395 babecamnrum
746 2341 1001 2409 neminemnam
1054 2335 1263 2407 uulneri-‘eliisei
1292 2338 1399 2409 xxxix).
1420 2337 1452 2393 Et
1471 2354 1577 2394 summa
1593 2340 1677 2395 etiam
1698 2341 1844 2411 prudentia

208 2427 450 2495 duram,nucleum
463 2428 672 2495 dulcissimum
687 2430 723 2486 ita
732 2431 816 2501 Virgo
827 2442 913 2488 mater
924 2444 1003 2491 erte·
1053 2427 1117 2499 luit,
1132 2430 1207 2501 quod
1221 2445 1251 2485 se
1264 2428 1313 2486 ilci
1323 2430 1460 2500 sapientia
1475 2431 1640 2499 incarnavit,
1655 2442 1684 2488 ut
1697 2435 1779 2488 boum
1791 2435 1843 2491 bo·

210 2519 270 2576 rius
292 2520 389 2576 babuit
412 2521 510 2577 caruis
523 2522 710 2579 inllrmitatern
735 2533 762 2580 ει
778 2525 879 2580 εεεειε
890 2537 1001 2595 testam,
1053 2521 1156 2578 minem
1169 2522 1325 2578 redimeret
1341 2522 1404 2580 llaec
1416 2534 1536 2595 quatuor
1546 2525 1698 2594 humilitas,
1710 2526 1841 2594 ebaritas,

210 2613 237 2669 id
263 2622 306 2669 est
330 2613 394 2671 fidei
425 2613 531 2670 lirmam
555 2616 749 2683 constantiam,
775 2624 807 2672 et
833 2617 1005 2688 uirginitatis
1053 2612 1253 2681 misericordia,
1280 2614 1444 2685 prudentia,
1465 2614 1576 2671 luerunt
1601 2616 1681 2687 quasi
1716 2616 1841 2685 quadam

209 2707 451 2775 perseverantiam,
467 2717 494 2763 ει
505 2706 698 2764 dulcissimum
717 2708 846 2767 nucleum
861 2710 1001 2767 Cirrisnum
1052 2706 1194 2778 quadrigar
1209 2722 1258 2778 per
1279 2722 1362 2778 quarn
1389 2707 1549 2766 incarnatus
1570 2708 1643 2763 renit
1669 2707 1703 2762 nd
1720 2722 1770 2764 nos
1794 2706 1841 2763 Dei

209 2800 275 2869 quia
290 2799 392 2854 mundo
406 2800 476 2870 parit
491 2798 645 2868 Christum,
669 2816 702 2856 on
718 2816 774 2870 quo
788 2801 852 2857 data
866 2810 909 2858 est
921 2802 1002 2859 nobis
1053 2797 1150 2856 Filius.
1166 2798 1229 2855 llaec
1252 2797 1343 2855 anleur
1364 2807 1483 2869 quatuor
1504 2798 1638 2854 adclinata
1648 2806 1690 2853 cst
1710 2797 1796 2870 liirgo
1812 2799 1842 2853 in

210 2890 329 2946 dulcedo
342 2901 452 2948 aeterne
465 2893 654 2950 beatitudinis.
670 2893 716 2949 Sic
731 2908 797 2965 ergo
808 2892 936 2952 cbristus
952 2894 1002 2952 de·
1053 2908 1182 2950 sermone
1206 2892 1343 2964 angelico,
1361 2891 1554 2957 bumilitatem,
1568 2891 1743 2959 charitatem,
1758 2891 1843 2947 unisc-

209 2982 316 3037 scandit
330 2982 359 3038 iu
377 2981 515 3053 Virginem
541 3000 591 3054 per
608 2985 875 3044 incarnationissne
891 2989 1038 3070 humili-C
1054 2984 1202 3043 ricordiam
1225 2994 1254 3042 ει
1277 2984 1463 3056 prudentiam,
1489 2999 1551 3055 qum
1566 2983 1693 3040 Clrristus
1717 2983 1844 3040 exhibuit

207 3081 309 3140 tatem,
329 3084 360 3131 nt
372 3076 486 3139 rideret,
505 3078 613 3133 buceri
625 3077 829 3136 videmlneerm
842 3098 923 3151 poma
938 3098 1002 3138 eon.
1054 3076 1138 3131 uobis.
1157 3091 1220 3131 cum
1245 3091 1356 3132 carnem
1371 3075 1527 3144 {assumpsit
1548 3073 1576 3129 iu
1600 3074 1728 3144 uir-ginali
1751 3082 1841 3130 utero.

208 3166 297 3234 nullis,
313 3167 340 3223 id
354 3178 397 3224 est
410 3168 467 3241 3ss
484 3169 590 3228 iunctus
608 3171 1002 3242 quiinbumilitalecondiun·
1053 3167 1100 3223 lla
1119 3177 1212 3224 autem
1236 3166 1367 3227 dicuutur
1389 3167 1530 3238 quadrigae
1555 3165 1719 3234 Aminadab,
1748 3166 1775 3222 id
1800 3174 1843 3223 est

209 3268 265 3315 tur.
281 3257 387 3315 bicitur
408 3271 500 3317 autem
517 3262 589 3319 lleus
611 3262 716 3335 aliquid
736 3264 841 3330 videre,
855 3267 881 3321 id
895 3275 938 3322 εει
949 3266 1001 3322 ali·
1051 3260 1164 3316 Christi.
1177 3259 1331 3315 Aminadnb
1343 3274 1481 3329 pronepos
1496 3257 1549 3313 luit
1570 3256 1647 3313 lude
1669 3258 1841 3329 patriarcba,

209 3349 276 3421 quid
290 3351 378 3408 rideri
398 3351 500 3422 lacere,
511 3354 590 3424 juria
606 3355 681 3425 quod
693 3355 728 3411 nd
741 3354 881 3411 Abrabam
895 3356 999 3412 dictum
1051 3366 1100 3423 per
1122 3366 1204 3422 quem
1231 3351 1371 3419 generatio
1392 3349 1495 3406 Christi
1506 3350 1672 3417 conteritur,
1685 3351 1732 3421 qui
1751 3350 1840 3405 inter·

206 3451 267 3498 ert:
288 3461 299 3496 r
316 3441 373 3515 Ego
398 3447 524 3515 cognovi,
540 3466 549 3497 r
566 3445 592 3499 id
615 3455 658 3502 εει
673 3446 744 3503 alios
755 3460 922 3517 cognoscere
936 3447 1005 3515 leci,
1051 3452 1175 3514 pretatur
1193 3441 1286 3513 populi
1309 3443 1361 3496 mei
1378 3450 1550 3513 spontaneus.
1568 3440 1601 3496 Et
1615 3440 1843 3514 signibcntlibrl·

210 3552 220 3587 r
237 3535 311 3605 qrrod
324 3536 424 3590 timeas
437 3533 523 3591 [lenm
538 3535 614 3605 (Gerr.
631 3539 728 3607 xrrrlm
1051 3543 1126 3590 stum
1152 3535 1202 3605 qui
1225 3534 1328 3608 pupulo
1351 3547 1403 3590 suo
1422 3541 1593 3604 spontaneus
1605 3532 1669 3600 luit,
1684 3533 1761 3604 quia,
1776 3548 1841 3589 cum

245 3626 282 3682 Ει
297 3628 455 3697 inspicerem
472 3627 497 3681 ai
516 3627 653 3696 florebam
673 3628 759 3695 niueo,
771 3637 795 3684 et
806 3630 1002 3701 pernriumrme
1051 3635 1125 3684 esset
1142 3626 1226 3697 lleus,
1241 3642 1271 3683 se
1288 3626 1378 3697 ipsum
1397 3641 1448 3697 pro
1469 3625 1530 3696 ipso
1551 3626 1673 3681 tradidit.
1693 3625 1747 3681 Sed
1760 3626 1841 3696 quasi

208 3717 281 3771 aeolo
295 3719 403 3788 punicu.
1050 3720 1086 3776 ad
1103 3716 1243 3792 Virginem
1256 3718 1395 3776 turbatam
1420 3716 1447 3771 in
1463 3731 1592 3773 sermone
1612 3732 1663 3774 suo
1676 3718 1842 3787 respoudeat

242 3809 271 3865 ld
286 3819 339 3875 cst,
360 3810 565 3868 considerarem
591 3813 733 3884 quomodo
749 3813 872 3873 Ecclesia
887 3832 937 3886 per
950 3832 998 3872 or·
1050 3811 1175 3884 augelus,
1193 3812 1339 3882 sequitur:

207 3900 269 3956 bem
285 3901 384 3959 diffusa
398 3903 588 3962 invirtutibus
602 3906 691 3971 iloret.
705 3917 734 3963 et
748 3907 812 3965 illos
823 3909 942 3966 sollicite
958 3910 1001 3964 iu·
1087 3903 1232 3969 lleuertere,
1250 3911 1386 3969 reuertere,
1402 3899 1551 3957 Suuunritir
1564 3898 1742 3972 [Sulurrritir]⁸
1753 3915 1841 3955 reuer-

207 3992 341 4061 spicerem
361 3995 409 4066 qui
427 3997 486 4066 ianr
499 3997 600 4053 moturi
618 3997 729 4055 suntad
741 3998 904 4069 perferenda
922 4015 998 4055 mar·
1050 4003 1114 4059 tere,
1132 4003 1269 4060 reuertere,
1281 4001 1310 4047 ει
1323 3992 1474 4047 iutueamur
1487 4000 1521 4046 te.

207 4082 287 4154 tyria.
298 4082 441 4142 Haeeenim
455 4088 549 4142 omnia
564 4103 691 4159 magnam
704 4089 888 4159 vigilantiam,
901 4101 928 4148 et
940 4093 997 4147 sol·
1085 4085 1222 4140 Reuertere
1241 4084 1276 4140 ad
1295 4093 1341 4141 te:
1361 4082 1415 4140 «Νι
1427 4084 1534 4151 timeas,
1543 4083 1672 4139 5¹¹l⁰¹¹5⁸²i
1684 4083 1758 4138 ⁰¹¹5OE
1775 4098 1840 4153 lla·

207 4172 388 4242 licitudiuem,
399 4185 427 4233 et
437 4177 615 4235 dilectionem
631 4195 715 4251 quarn
728 4180 813 4236 babet
824 4196 889 4253 erga
907 4181 1000 4239 Eccle·
1050 4177 1115 4235 tiam
1131 4177 1203 4249 apud
1221 4177 1368 4234 bominum
1390 4176 1469 4250 (Luc.
1488 4178 1521 4251 r).
1534 4197 1543 4230 r
1557 4176 1694 4232 lleoertere
1711 4177 1745 4233 ad
1764 4174 1840 4231 Scru-

208 4263 277 4320 iiiffl
291 4267 498 4324 ⁰⁰¹¹1¹¹¹euti³¹¹b
1049 4280 1161 4344 pturas,
1173 4281 1203 4327 ut
1214 4271 1248 4327 de
1259 4270 1413 4344 Scripturis
1428 4285 1490 4341 que
1506 4269 1568 4325 dico
1587 4269 1736 4340 intelligas.
1754 4267 1840 4335 ‹Quia

242 4353 361 4425 Nemini,
375 4359 466 4414 areima
489 4376 549 4416 mea
563 4361 732 4418 corrturbuoit
750 4380 791 4419 ure
804 4373 914 4436 propter
927 4382 995 4437 gua·
1015 4359 1113 4421 Decce
1126 4364 1266 4435 concipies
1279 4363 1307 4418 in
1319 4370 1409 4431 utero,
1419 4368 1446 4418 et
1456 4361 1548 4434 paries
1561 4360 1674 4429 Filium,
1687 4369 1715 4416 et
1731 4360 1841 4416 vocabis

207 4447 299 4518 ‘iiiii’
314 4448 476 4509 timiditati·
1050 4471 1150 4511 rromen
1160 4455 1222 4526 ejus
1237 4453 1398 4512 Emmanuel
1411 4453 1531 4526 liniti.»
1553 4451 1587 4508 lit
1597 4468 1660 4524 quoe
1672 4452 1751 4523 prius
1764 4450 1839 4507 luisti

243 4537 283 4596 lta
295 4541 424 4601 cbristus
433 4546 509 4603 venit
520 4548 547 4603 in
561 4562 673 4605 carnem
689 4557 717 4605 et
731 4550 766 4607 de
780 4565 826 4607 rue
845 4551 998 4621 assumpsit
1051 4546 1214 4615 Sunamitis,
1230 4548 1257 4603 id
1276 4556 1320 4603 est
1329 4545 1439 4617 eaptira
1452 4546 1505 4601 sub
1519 4560 1604 4601 onore
1619 4543 1686 4614 legis
1698 4542 1840 4614 (surremi-

208 4648 330 4704 εεεεειε,
346 4636 413 4693 dicit
438 4637 534 4710 Virgo,
550 4641 597 4698 sed
614 4649 762 4712 antequam
780 4643 888 4700 ueniret
899 4645 926 4699 in
943 4659 997 4710 me,
1050 4641 1085 4697 tis
1099 4640 1173 4696 enim
1197 4640 1302 4710 captiua
1317 4637 1537 4709 interpretatur),
1553 4645 1691 4693 revertere
1706 4633 1740 4689 ad
1755 4634 1839 4688 liber-

207 4727 306 4782 neacini
330 4728 421 4798 ipsum
442 4731 549 4788 scilicet
568 4740 716 4788 venturum
735 4733 764 4790 ln
788 4748 844 4791 me.
870 4733 998 4790 Sciebam
1050 4743 1134 4789 tatem
1156 4732 1321 4804 evangelicae
1342 4730 1495 4803 dignitatis.
1509 4728 1544 4786 Ει
1558 4744 1621 4799 quae
1632 4727 1744 4799 ignoras
1755 4724 1839 4796 hujus

207 4818 298 4889 ipsum
314 4821 485 4878 nasciturum
506 4824 541 4881 de
556 4825 673 4896 virgine,
689 4826 737 4882 sed
755 4842 809 4898 qua
826 4825 994 4884 nesciebam.
1048 4824 1237 4895 conceptionis
1251 4824 1382 4895 speciem,
1398 4823 1433 4878 ab
1454 4822 1505 4878 lrac
1524 4820 1677 4894 ignorantia
1702 4829 1848 4875 revertere-

205 4908 240 4966 Et
254 4912 306 4968 boc
325 4921 366 4969 est
382 4917 456 4986 qnod
478 4917 545 4974 dieis
568 4919 664 4975 nescim
688 4918 789 4976 Filium
816 4920 880 4987 bei,
894 4920 1000 4979 minem
1048 4912 1082 4969 ad
1097 4912 1172 4968 modi
1186 4910 1360 4982 correipieudi
1376 4910 1574 4982 cognitionem.
1592 4904 1748 4977 ‹Spiritus›
1763 4906 1838 4960 euim

206 5003 241 5061 de
255 5021 299 5063 me
313 5007 481 5065 nasciturum
492 5017 555 5067 ante
565 5011 910 5084 augeliadrentum;nnde
923 5023 950 5069 et
965 5012 1000 5070 nri
1051 5014 1187 5061 «seritius
1216 5003 1389 5075 superveni&
1418 5002 1446 5056 in
1474 5009 1500 5055 ιθ
1527 5009 1557 5055 el
1586 4998 1675 5055 iliius
1701 4997 1838 5054 altissimi

206 5114 361 5158 termonem
376 5102 463 5172 ipsius
474 5104 563 5174 angeli
574 5103 695 5174 ιιειειε,
711 5103 811 5175 iuquit,
821 5111 1000 5159 mercentur·
1049 5096 1224 5153 obumbrabit
1235 5095 1283 5150 tibi
1301 5094 1425 5165 (ibimlm
1442 5090 1476 5146 ιιι
1492 5092 1645 5147 iutueamur
1657 5100 1681 5146 tc
1702 5090 1758 5162 39
1783 5106 1843 5145 nuru

206 5188 277 5248 ιεειι
287 5208 338 5261 me,
349 5195 413 5265 quia
429 5195 583 5267 cogitabam
597 5196 688 5269 quabs
704 5203 778 5254 εεεει
791 5195 844 5252 ista
858 5194 998 5252 salutatio.
1049 5189 1139 5245 solurn
1155 5205 1205 5261 per
1222 5186 1365 5244 scientiam
1378 5185 1422 5241 rel
1439 5183 1568 5256 gratiam,
1584 5198 1680 5239 rerum
1695 5184 1777 5238 etiam
1789 5195 1843 5250 per

839 5304 958 5361 veliin
977 5300 1178 5359 uncilenus.

240 5411 327 5473 ”lin
351 5416 432 5484 idem,
447 5434 496 5489 pro
519 5415 748 5474 delectationibus
768 5416 846 5474 iudet
866 5417 1053 5484 dilectoribus,
1070 5424 1148 5486 utque
1163 5417 1202 5470 rie
1221 5415 1301 5469 etium
1320 5412 1459 5497 legendum
1483 5423 1533 5467 εει.
1562 5411 1585 5445 ’³
1599 5410 1661 5490 lle,
1674 5410 1842 5489 rorare-eme

205 5486 267 5542 ideo
281 5484 363 5542 bomo
374 5498 454 5545 natus
467 5503 540 5555 sum,
562 5483 717 5545 i'illurieuae
731 5498 820 5544 cutem
833 5489 894 5543 sie:
910 5488 1072 5545 humiliatus
1087 5488 1114 5540 in
1129 5485 1272 5557 virginalis
1285 5492 1354 5540 uter-r
1370 5483 1500 5539 tbalamo.
1524 5482 1546 5516 ἰ
1557 5481 1609 5539 lie.
1631 5480 1724 5537 l'rllor.
1739 5491 1836 5533 extua-

206 5554 314 5614 nirerit.
352 5557 374 5589 '⁸
391 5556 582 5618 lucarnarurit.
622 5558 645 5592 '⁸
659 5557 733 5616 idern
744 5576 793 5617 ure.
807 5560 850 5615 bic
864 5559 957 5615 inserit
973 5567 1023 5619 :et
1039 5558 1193 5615 vulneraret
1212 5556 1359 5622 melicum,
1376 5562 1417 5621 ut,
1437 5562 1490 5610 ειε.
