3992 6042
254 222 306 281 tls
891 213 994 270 urani
1015 202 1211 268 brittoilus
1823 207 1888 262 ssu

254 337 344 401 xt'tttl.
360 344 388 391 ει
411 334 521 405 quando
543 306 683 389 Christum
706 330 814 400 negarit
828 329 937 399 (llsttlt.
952 329 1038 397 xxti).
1054 336 1076 390 Α
1091 328 1203 383 tentiam
1226 328 1380 384 dimittitur
1397 334 1558 398 peecatum,
1584 325 1682 383 merito
1705 327 1885 397 poenitentiae

256 425 308 481 Sed
323 429 395 485 sicut
411 428 438 481 in
453 424 641 479 Petroiterata
658 430 723 477 stitit
737 421 919 491 peccata,sic
930 435 978 491 per
990 418 1041 474 ite·
1090 421 1246 477 dimittitur.
1281 420 1365 487 item,
1394 421 1543 476 auctoritas
1566 419 1604 474 ait
1632 436 1640 474 ι
1668 418 1729 474 Non
1751 437 1785 476 ee
1810 437 1883 490 ope-

172 577 174 581 ,
257 525 342 569 ratam
359 515 546 585 poertitentiam
565 513 589 568 εἰ
602 512 727 567 dimissa.
741 509 819 567 Uttde
838 510 1040 581 legitur,quod
1091 512 1162 566 mbos
1181 527 1240 582 quer
1266 511 1375 581 [ecimus
1402 510 1521 574 noe,sed
1543 526 1577 566 ce
1602 509 1660 565 tolo
1684 511 1883 581 pretiossimus

255 608 298 663 sui
312 607 413 675 peccati
426 606 602 669 recordatus,
618 603 690 659 derit
701 619 794 657 amare
809 602 885 674 (Luc.
901 602 982 673 xro).
996 600 1041 656 st·
1090 619 1138 657 aas
1150 604 1212 667 [ecit
1228 604 1293 672 (Tit.
1322 605 1375 673 ιιι).
1401 599 1467 657 Item
1493 619 1500 656 ε
1517 599 1579 656 Nou
1601 610 1640 656 est
1659 601 1770 656 uolentis
1793 618 1883 674 oeque

253 699 355 754 utiliter
375 698 479 752 eaetcris
505 696 638 767 apostolis
653 703 717 751 ante
735 695 839 751 Christi
862 695 1041 750 resurreetio·
1090 698 1238 763 currentis,
1250 696 1296 751 ted
1309 696 1455 750 miserentis
1467 692 1515 749 Dei
1529 693 1619 764 (Rom.
1635 694 1684 764 tx).
1697 692 1774 761 ltem,
1786 696 1881 765 prima

255 805 317 845 nem
340 804 411 858 sepe
436 790 628 857 peccantibus,
653 802 701 857 per
716 787 839 841 iteratam
853 786 1038 856 poetritentiam
1090 788 1175 858 gratia
1191 804 1272 858 quam
1292 787 1364 843 Dens
1377 796 1505 858 operatur
1518 786 1546 840 in
1568 786 1696 850 bomine,
1713 796 1755 841 est
1770 790 1880 856 peccati

254 887 364 947 peccata
378 886 443 931 sunt
455 877 578 932 dimissa.
595 876 628 930 Et
640 877 662 931 si
673 874 762 932 Veteri
774 874 949 931 Testamenta
960 876 1039 931 iidem
1091 879 1235 941 remissio,
1251 894 1333 950 quam
1359 886 1489 949 operatur
1503 877 1562 932 sine
1579 875 1700 931 bomine.
1723 874 1796 948 Ergo
1819 894 1878 935 nou

255 967 395 1028 adhibent.
410 977 503 1038 posset
512 969 582 1023 idem
593 968 679 1023 astrui
690 966 815 1036 exemplo
830 967 923 1032 llavid,
938 968 985 1038 qui
1002 967 1041 1022 le·
1092 973 1225 1028 mediante
1240 972 1400 1043 poeuiteutia
1417 971 1566 1027 remittitur
1578 969 1697 1040 colpa¹¹.

257 1059 329 1129 gitur
338 1058 494 1128 frequenter
510 1073 649 1129 peccasse,
662 1067 689 1114 ct
701 1058 856 1130 frequenter
869 1059 1039 1129 poenituisse.
1157 1078 1161 1090 ’
1394 1081 1508 1141 CAPUT
1527 1084 1571 1140 M·

255 1152 424 1223 Augustinus
439 1151 520 1205 etiam
537 1151 658 1206 scribens
674 1159 768 1206 contra
783 1152 915 1222 quosdam
931 1152 1041 1208 hereti·
1091 1178 1294 1235 praemimmm
1314 1173 1427 1243 „pugg
1450 1189 1475 1235 Β,
1488 1181 1556 1250 quod
1579 1180 1731 1251 mnemia
1751 1182 1819 1236 „am
1839 1181 1878 1235 ad

257 1257 321 1307 cas,
335 1242 382 1311 qui
402 1242 527 1297 dicebaut
539 1242 714 1312 peccantibus
725 1252 786 1312 post
802 1243 982 1313 baptismum,
998 1258 1042 1298 se·
1330 1251 1431 1321 peccati
1445 1251 1634 1306 remissionem.

257 1322 432 1387 mellentum
456 1332 549 1386 utilem
573 1346 634 1388 esse
656 1333 866 1402 poenitentiam,
887 1333 950 1388 all:
972 1352 982 1385 ι
1004 1334 1042 1390 liu
1124 1341 1256 1398 Praedicltt
1271 1341 1422 1399 refellimus
1435 1342 1555 1399 dicentes
1570 1344 1643 1413 quod
1657 1358 1705 1414 pel
1722 1343 1808 1400 solam
1826 1342 1877 1399 Dei

256 1426 345 1481 adbuc
369 1425 481 1495 perfidi,
507 1425 638 1495 quoniam
653 1425 675 1458 ¹⁹
689 1426 750 1496 plus
772 1442 854 1497 qoam
877 1435 983 1497 oportet
997 1443 1043 1483 sa·
1091 1432 1205 1504 gratiam
1219 1434 1368 1489 remittitur
1390 1442 1551 1504 peccatum,
1574 1449 1625 1491 nec
1648 1435 1808 1506 poenitentia
1832 1444 1879 1490 est

257 1520 349 1587 piunt,
367 1534 421 1573 uon
436 1518 539 1585 sobrii,
555 1519 601 1573 sed
623 1520 786 1575 excedentes
810 1535 981 1587 mensuram,
1001 1520 1043 1575 di·
1091 1538 1173 1578 causa
1198 1522 1317 1579 efficiens
1351 1524 1522 1580 remissionis
1552 1526 1674 1596 pcccati,
1696 1525 1745 1581 sed
1769 1533 1877 1580 tantum

256 1609 404 1681 euntquod
416 1611 465 1666 etsi
482 1611 565 1666 semel
577 1621 638 1682 post
649 1613 814 1683 baptismum
827 1613 897 1668 valet
907 1613 1042 1682 poeniteu·
1092 1613 1209 1682 gratuita
1234 1611 1282 1669 Dei
1307 1614 1442 1670 uoluntas.
1463 1613 1512 1670 Est
1536 1623 1627 1671 umen
1641 1631 1723 1673 causa
1746 1616 1805 1671 sine
1820 1631 1877 1686 qua

257 1703 311 1766 tia.
327 1718 379 1758 non
396 1713 485 1759 tamen
510 1718 581 1774 sepe
601 1705 778 1775 peccantibus
797 1706 907 1776 prodest
925 1707 1038 1771 iterata,
1058 1677 1165 1771 Boon,
1184 1702 1247 1774 quia
1269 1703 1323 1768 nisi
1340 1705 1423 1760 bomo
1446 1706 1594 1776 poeniteat,
1612 1721 1668 1761 uon
1691 1707 1838 1763 dimittitur
1859 1722 1878 1762 a

259 1796 381 1865 alioquin
411 1796 538 1851 remissio
565 1804 638 1852 esset
665 1797 698 1852 ad
729 1805 871 1866 peecatum
900 1796 1040 1862 incitatio;
1092 1795 1148 1850 ileo
1173 1804 1326 1866 peccatum.
1361 1795 1407 1853 Sic
1443 1797 1485 1853 sol
1511 1798 1623 1853 domum
1646 1798 1784 1853 illuminat
1810 1799 1877 1868 quia

258 1888 319 1958 quis
333 1888 405 1942 enim
419 1902 533 1958 peccare
547 1896 683 1953 cessaret,
705 1889 728 1943 si
748 1902 855 1959 semper
869 1889 958 1945 redire
978 1903 1044 1959 pos·
1092 1884 1211 1940 fenestra
1233 1886 1363 1956 aperitur,
1381 1902 1434 1942 non
1451 1895 1541 1943 tamen
1557 1887 1662 1958 apertio
1687 1887 1811 1944 lenestrte
1833 1897 1879 1945 est

257 1979 555 2037 setitllicuntetiam
572 1980 729 2037 Deumcsse
747 1981 917 2037 incitatorem
937 1982 1043 2037 adtira·
1092 1990 1175 2032 causa
1198 1975 1318 2032 efficiens
1350 1976 1581 2042 illuminationis,
1618 1976 1666 2035 sed
1695 1979 1877 2035 occasionalis

257 2071 324 2137 lum,
336 2070 359 2126 si
372 2086 478 2141 semper
492 2081 602 2142 peecata
617 2072 775 2139 dimitteret,
791 2073 833 2129 rel
847 2072 1042 2143 poenitentibus
1093 2068 1265 2132 tautumsed
1274 2067 1332 2137 ipse
1339 2068 1380 2122 sol
1389 2076 1431 2122 est
1440 2082 1521 2122 causa
1528 2066 1648 2123 efficiens
1655 2067 1875 2126 ilbrmmationis.

257 2161 423 2228 subueniret,
440 2164 520 2232 cique
531 2163 638 2233 placere
648 2174 768 2234 peccata,
782 2180 843 2219 cnm
858 2179 965 2234 semper
975 2180 1043 2235 prae
1128 2157 1307 2225 Qll⁰l¹³1¹lt³m
1327 2156 1429 2213 ‘fillius
1445 2175 1452 2212 ²
1468 2156 1530 2213 N⁰l¹
1549 2174 1581 2212 ⁶²
1597 2159 1717 2229 ‘ibelim
1734 2176 1792 2230 Μ
1813 2160 1878 2230 [⁶⁶⁸²

257 2263 301 2308 sto
318 2262 391 2309 esset
405 2254 550 2310 remittere.
570 2252 671 2309 Errant
687 2266 795 2324 autem3
811 2264 920 2312 constat
932 2256 1004 2310 enim
1019 2256 1044 2310 ei
1093 2264 1151 2304 mot
1162 2264 1210 2303 uos
1221 2288 1228 2313 ,
1239 2257 1293 2304 etc.
1311 2246 1380 2319 (Tit.
1397 2249 1450 2319 ιιι),
1469 2249 1509 2305 sic
1521 2259 1563 2305 est
1573 2249 1790 2321 intelligendum,
1801 2250 1877 2321 quod

258 2344 401 2414 displicere
409 2345 485 2408 vitia,
493 2343 540 2413 qui
552 2359 659 2415 semper
668 2353 766 2415 presto
775 2355 817 2401 est
827 2346 967 2401 destruere
979 2346 1042 2400 illa:
1094 2354 1176 2411 opera
1201 2354 1254 2394 uon
1267 2340 1414 2396 excludam
1428 2341 1561 2411 gratiam,
1587 2356 1637 2398 nce
1659 2341 1764 2412 gratia,
1779 2357 1875 2413 opera,

258 2437 281 2490 n
294 2435 338 2490 uta
354 2442 472 2501 amaret,
488 2449 543 2489 non
561 2435 608 2489 itta
633 2450 741 2505 semper
760 2435 862 2492 destrue
887 2441 994 2492 curaret
1010 2436 1043 2492 ἰ.
1094 2427 1158 2497 quta
1174 2442 1208 2482 ex
1223 2428 1309 2497 pana
1325 2436 1544 2499 sunt0p1·a,et
1559 2432 1616 2501 ipsa
1636 2430 1724 2502 pam
1737 2438 1780 2487 est
1793 2446 1877 2489 esus·

258 2523 330 2579 llicit
342 2524 424 2579 etiam
435 2521 556 2578 loannes
569 2522 800 2595 chrysostomus,
824 2524 857 2581 de
873 2526 1045 2595 reparatione
1095 2516 1192 2572 &lulis
1209 2515 1337 2571 efficiens·

259 2600 347 2688 lapsi:
367 2635 376 2668 s
394 2615 467 2672 Talis
491 2624 533 2672 est
557 2630 621 2688 erga
644 2616 770 2673 immines
785 2614 833 2672 Dei
856 2618 955 2688 pietas,
971 2635 1044 2674 nup.
1129 2606 1876 2686 Similitergralianonexclltdllpoeniiellllam,lldcpoe·

259 2724 341 2780 quam
353 2708 457 2779 spernit
469 2706 667 2779 peonitentiam,
680 2708 702 2762 si
716 2708 741 2764 ei
752 2707 857 2763 sincere
870 2709 998 2765 oderetur
1009 2709 1043 2764 ¹¹.
1094 2697 1208 2771 nitentia
1221 2698 1334 2766 stillim
1344 2699 1408 2770 ‘luia
1420 2703 1581 2771 lloessloenlla
1590 2713 1632 2759 tsi
1643 2706 1766 2776 quedam
1777 2707 1874 2778 qratia.

260 2801 373 2857 Etiamsi
385 2802 420 2856 ad
433 2815 569 2856 summum
585 2800 648 2872 quis
662 2801 766 2856 venerit
778 2802 922 2866 malorum,
935 2811 961 2856 ει
982 2801 1046 2856 inde
1097 2788 1229 2844 Slmllllel
1243 2789 1445 2860 intelligendum
1461 2801 1520 2849 0⁸¹³
1538 2793 1566 2847 Ν
1567 2811 1601 2848 0⁸⁸
1615 2806 1653 2851 ³⁸⁸
1673 2794 1800 2863 ”limitis
1822 2805 1875 2855 ele·

261 2893 360 2948 reuerti
377 2892 442 2947 uelit
456 2891 490 2946 ad
508 2891 629 2947 ueritatis
644 2892 727 2960 riam,
743 2892 841 2948 sullicit
855 2894 889 2960 ”,
903 2893 1046 2962 amplecti·
1097 2881 1184 2952 (ΗΜ
1198 2880 1248 2951 ¹1).
1261 2882 1386 2951 qumvis
1398 2899 1506 2951 elisus·
1518 2885 1545 2941 ld
1556 2894 1597 2941 ⁶⁵¹
1609 2887 1681 2945 b0l¹²
1691 2890 1824 2957 operatio,
1835 2891 1877 2946 tel

261 2991 306 3037 tor
317 2982 442 3049 libenter,
452 2991 479 3037 et
498 2982 590 3037 omnia
610 2981 674 3038 lacit
684 2993 819 3054 quatenus
830 2982 864 3036 ad
875 2984 993 3054 priorem
1004 2998 1044 3037 re·
1058 3003 1082 3067 0
1097 2977 1167 3032 botta
1176 2977 1343 3032 uoluntassit
1351 2977 1754 3047 salutisoccasio,eausatamen
1761 2981 1878 3040 efficiens

243 3074 340 3130 'vocet
362 3082 479 3140 statum,
497 3074 623 3145 quodque
647 3074 737 3130 adbuc
759 3074 934 3144 praestantius
951 3083 995 3130 est
1010 3075 1044 3142 ’⁸‚
1097 3077 1136 3125 est
1151 3068 1199 3123 Dei
1215 3068 1611 3131 miscricordiadoneedimus
1626 3071 1709 3127 etiam
1723 3073 1794 3144 quod
1808 3071 1877 3129 beus

260 3167 368 3223 etiamsi
384 3182 436 3224 non
451 3167 540 3238 potuit
553 3166 615 3237 quis
632 3167 742 3236 explere
754 3180 863 3221 omnem
880 3164 1047 3221 satisfactio-
1096 3162 1213 3232 primam
1231 3161 1344 3233 gratiam
1359 3163 1386 3216 iu
1399 3161 1478 3218 nobis
1490 3172 1617 3233 operatur
1630 3163 1689 3220 siue
1701 3164 1790 3230 nubis,
1799 3165 1877 3236 juxta

260 3258 304 3314 nis
318 3259 453 3327 ordinem,
468 3259 739 3329 quantulamcunque
752 3266 853 3323 lamen,
865 3271 891 3311 et
901 3265 1048 3327 quantum·
1097 3252 1253 3322 predictam
1267 3251 1484 3322 intelligentiam.
1619 3250 1621 3255 '

261 3351 407 3407 libetbrevi
422 3360 543 3420 tempore
552 3358 654 3423 gestaru
668 3364 720 3404 non
733 3348 837 3418 respuit
849 3348 1046 3417 poenitentiam.
1386 3361 1501 3418 CAPUT
1529 3361 1584 3420 Lu,

262 3444 382 3515 suscipi!
397 3459 517 3513 ”aulide
540 3445 627 3512 ilmm
638 3483 646 3505 ν
659 3458 709 3496 ¹¹⁹⁰
724 3442 843 3510 patitur,
859 3440 985 3510 quamvis
999 3456 1048 3496 ⁰¹·
1099 3456 1195 3528 Opitrio
1215 3454 1398 3510 baereticorum
1409 3456 1455 3525 qut'
1466 3457 1558 3510 dicunt
1572 3456 1641 3527 qood
1653 3454 1746 3524 suffieit
1760 3453 1810 3509 soii
1822 3453 1876 3510 Deo

262 3539 332 3605 iguae
342 3536 529 3592 conversionis
543 3533 576 3601 ¹⁸,
590 3533 702 3603 perdere
712 3537 876 3588 mercedem.
894 3550 904 3585 t
923 3532 1048 3587 litationi·
1422 3526 1554 3598 confiteri.

263 3630 315 3684 bus
326 3629 406 3683 etiam
423 3627 493 3681 idem
509 3626 651 3695 probatur.
667 3623 720 3680 lste
732 3632 794 3695 post
806 3622 969 3701 baptismum
983 3639 1048 3693 pee—
1133 3619 1203 3676 Sunt
1224 3620 1271 3676 alii
1295 3620 1415 3677 baeretici
1437 3620 1484 3691 qui
1501 3619 1595 3675 dieunt
1619 3617 1742 3675 sufficere
1754 3618 1805 3674 soli
1824 3617 1876 3674 lieo

268 3721 349 3787 cauit,
359 3733 413 3773 non
427 3725 516 3787 potest
529 3716 554 3771 ei
576 3716 721 3772 subuenire
733 3716 894 3785 poeniteutia
915 3715 958 3771 rel
974 3715 1048 3771 aliud
1097 3712 1231 3780 confiteri,
1242 3713 1314 3783 quod
1327 3713 1368 3769 sic
1377 3712 1493 3783 probare
1505 3720 1657 3778 conantum
1667 3712 1707 3767 ait
1718 3710 1877 3768 Ambrosius

231 3866 233 3871 ,
264 3817 483 3873 sacramentum,
500 3807 532 3862 ad
545 3807 651 3878 peccati
667 3807 869 3862 remissionem.
885 3805 956 3878 Ergo
970 3808 997 3861 in
1015 3821 1048 3862 co
1098 3822 1179 3877 super
1204 3806 1330 3862 Lucam:
1358 3824 1367 3857 ι
1386 3804 1449 3861 ideo
1474 3804 1547 3861 derit
1572 3804 1686 3874 Petrus,
1710 3807 1774 3878 quia
1799 3808 1876 3877 culpa

263 3901 464 3973 periitlibertas
477 3901 593 3966 arbitrii,
606 3902 643 3955 ita
654 3901 727 3971 quod
740 3915 794 3954 non
806 3880 892 3970 possit
904 3900 972 3955 benc
983 3915 1047 3970 ope·
1098 3900 1233 3970 subrepsit
1260 3898 1313 3954 ei¹‘
1339 3915 1347 3953 ι
1374 3913 1429 3953 non
1464 3898 1574 3955 inuenio
1600 3900 1667 3971 quid
1698 3901 1815 3968 dixerit,
1837 3901 1877 3956 in-

265 3995 330 4061 rari,
342 3993 384 4049 rel
397 4010 444 4065 per
458 3994 645 4065 poenitentiam
662 4001 804 4064 peccatum
815 3992 991 4047 delerernon
1007 3999 1050 4048 est
1096 3993 1176 4049 sertio
1206 3993 1279 4063 quod
1313 3989 1401 4056 derit,
1431 3991 1565 4062 lacrymas
1600 3993 1660 4063 ejus
1692 3992 1770 4066 lego,
1797 3995 1877 4050 satis·

265 4100 330 4157 ergo
342 4086 531 4157 imputandum
546 4085 582 4152 ei,
594 4085 617 4141 si
632 4100 685 4140 non
701 4085 770 4139 bene
785 4094 923 4154 operatur,
939 4099 1002 4140 cum
1014 4100 1048 4140 ex
1098 4086 1242 4142 factionem
1264 4099 1319 4138 non
1343 4083 1403 4156 lego
1433 4101 1440 4138 ε
1464 4085 1538 4156 quod
1564 4084 1673 4143 delendi
1698 4103 1751 4142 nou
1779 4095 1876 4158 potest,

264 4178 427 4234 necessitate
440 4185 599 4248 permaneat
613 4177 640 4231 iu
655 4185 778 4247 peccato.
1097 4178 1172 4233 ablui
1186 4185 1273 4248 potest
1287 4196 1295 4233 ε
1311 4177 1438 4247 lacryma
1455 4176 1548 4233 lauant
1569 4178 1708 4247 delictum,
1723 4180 1796 4250 quod
1813 4194 1878 4236 uoce

300 4269 377 4337 item,
391 4270 442 4325 iste
452 4270 523 4325 dolet
533 4269 566 4324 de
578 4279 689 4340 peccato
701 4279 833 4340 quantum
847 4270 927 4326 debet
942 4271 1046 4336 dolere,
1097 4272 1186 4342 pudor
1199 4279 1244 4325 est
1257 4269 1394 4337 confiteri;
1407 4276 1435 4325 ει
1447 4269 1532 4325 reniae
1543 4270 1621 4327 dctus
1633 4272 1751 4328 consulit
1764 4282 1790 4328 et
1804 4288 1879 4328 rere·

266 4370 293 4417 ει
305 4360 465 4430 conteritur,
480 4371 620 4432 peccatum
632 4363 786 4427 coalitctur,
812 4378 862 4433 pro
886 4362 945 4433 ipso
967 4362 1049 4419 satis-
1063 4356 1086 4411 Ι)
1100 4361 1216 4418 euridiae.
1236 4379 1246 4413 t
1262 4359 1320 4417 Hoc
1333 4360 1414 4415 etiam
1425 4360 1492 4417 dicit
1502 4360 1636 4418 llatimus
1646 4362 1799 4433 episcopus.
1816 4362 1877 4418 item

229 4443 232 4449 ’
268 4450 348 4520 lacit;
362 4466 427 4522 ergo
441 4452 542 4521 iniuste
555 4467 618 4510 eum
630 4466 663 4507 eo
675 4451 773 4522 agitur,
790 4452 812 4507 si
827 4467 881 4507 nou
894 4452 919 4507 ci
935 4451 1050 4508 remitti·
1099 4454 1536 4525 toannescbrysostomus,super
1544 4453 1691 4525 Epistulam
1700 4456 1734 4510 ad
1740 4454 1876 4513 llebrasos:

270 4551 474 4616 turpescatum.
1064 4577 1066 4579 >
1103 4567 1113 4602 r
1131 4546 1191 4604 Non
1206 4545 1255 4602 tibi
1269 4546 1332 4602 dico
1354 4556 1383 4602 nt
1407 4554 1433 4603 te
1453 4547 1553 4616 prodas
1576 4546 1604 4600 in
1619 4544 1773 4618 publicum,
1791 4562 1878 4619 neque

528 4652 606 4727 Μ
626 4652 740 4709 (2qu
759 4653 791 4710 L,
1100 4651 1126 4699 te
1139 4641 1211 4712 apud
1226 4640 1294 4696 alios
1307 4655 1438 4707 accuses,
1453 4647 1481 4695 et
1492 4640 1602 4695 obedire
1617 4648 1643 4695 te
1660 4639 1722 4694 rolo
1739 4638 1879 4711 Prophetes

273 4741 368 4815 Opinio
392 4741 575 4799 baereticorum
606 4744 654 4816 qui
683 4746 774 4800 dicunt
797 4745 975 4815 penitentium
998 4761 1049 4801 nott
1100 4733 1200 4790 (¹1⁰0ssst
1215 4750 1222 4787 :
1240 4731 1332 4797 Revela
1359 4733 1428 4785 illm
1447 4739 1519 4784 illm
1540 4739 1601 4785 Μ
1625 4728 1768 4784 [hildim
1792 4730 1877 4801 (Pldk

425 4812 511 4868 ”alm
526 4816 560 4867 “d
576 4815 676 4885 demi?
688 4816 877 4871 l0m5⁸⁸l⁰d0db
1102 4826 1195 4895 xxxvi)
1213 4844 1220 4880 ε
1235 4840 1301 4896 ergo
1311 4825 1440 4880 conlitere
1452 4830 1562 4894 peecata
1576 4830 1623 4878 tua
1639 4821 1710 4894 apud
1726 4839 1822 4880 serum
1833 4823 1878 4896 ju·

308 4904 378 4962 Sient
392 4906 438 4961 alii
451 4916 604 4964 asserentes
625 4909 727 4963 nullam
750 4909 937 4980 poenitentiam
959 4910 1050 4965 ualere
1101 4919 1189 4977 dicem
1205 4932 1268 4974 cum
1287 4918 1392 4974 rarione
1414 4917 1449 4984 ¹⁷,
1469 4916 1567 4973 delicta
1593 4926 1639 4972 tua
1659 4917 1806 4987 pronuntia
1825 4933 1878 4973 nou

273 5012 306 5055 au
317 4999 420 5072 peccati
431 4999 719 5067 remissionemdood
727 5001 768 5058 sic
777 5006 891 5072 probare
902 5011 1049 5058 conantur:
1101 5012 1212 5083 lingua,
1228 5009 1276 5066 sed
1287 5009 1463 5066 eonscientiae
1485 5016 1539 5065 tuae
1551 5008 1702 5078 memoria;
1717 5021 1745 5066 ει
1758 5019 1822 5067 tune
1834 5010 1880 5066 de·

274 5095 346 5149 ileos
361 5090 473 5148 remittit
486 5101 596 5163 peccata
611 5093 712 5164 gratis,
726 5108 791 5164 ergo
807 5109 861 5149 non
877 5093 956 5150 bonis
969 5093 1052 5148 meri·
1103 5116 1177 5158 mum
1190 5116 1268 5171 spera
1284 5100 1499 5157 misericordiam
1524 5102 1655 5171 consequi
1678 5115 1769 5171 posse.
1790 5098 1819 5156 Sl
1833 5101 1878 5156 lm-

275 5186 327 5255 tis,
344 5202 409 5259 ergo
424 5200 475 5242 nce
489 5201 537 5259 per
549 5189 747 5259 poeniteruiam.
766 5186 795 5246 Si
812 5190 885 5246 enim
902 5205 950 5259 per
961 5189 1051 5260 poeni·
1103 5191 1196 5247 bueris
1209 5205 1320 5262 peccata
1343 5198 1390 5246 tua
1412 5189 1441 5244 in
1463 5199 1553 5246 mente
1577 5191 1715 5262 quotidie,
1742 5208 1878 5263 uunquam

905 5304 1022 5360 tantm
1043 5303 1243 5362 tentiones,

304 5395 327 5427 ι’
343 5393 376 5449 ltt
391 5395 518 5466 impresso
530 5397 641 5453 babetur
653 5399 686 5454 ad
697 5399 751 5453 hoc
764 5397 866 5453 instant
880 5397 991 5468 pcrllde.
1030 5398 1053 5429 ²·
1068 5396 1100 5452 lu
1113 5399 1254 5470 impresso,
1276 5414 1330 5455 non
1344 5415 1452 5470 semper
1464 5401 1585 5460 dederet.
1622 5407 1645 5439 ¹*
1657 5403 1818 5474 impressum
1830 5403 1878 5457 od·

278 5465 317 5518 dt‘t
328 5466 433 5521 sineere
446 5475 474 5522 et
485 5468 653 5538 simpliciter.
692 5470 714 5500 ¹²
733 5466 785 5522 lle.
804 5468 927 5537 suscipit.
965 5465 1163 5534 ”Imprestom
1182 5471 1258 5524 addit
1281 5478 1308 5525 ει
1322 5470 1524 5527 eminentius.¹·
1543 5473 1577 5529 lu
1597 5476 1734 5545 impresso,
1747 5474 1879 5531 absurdis·

280 5536 353 5600 rimc,
368 5550 414 5604 pra
441 5540 637 5604 conversionis,
652 5538 763 5593 babetur
775 5537 944 5607 perditionis.
984 5536 1049 5591 ”lo
1063 5540 1205 5607 impresso,
1228 5557 1275 5610 per
1293 5550 1376 5593 totum
1391 5541 1458 5595 douc
1476 5545 1611 5614 periodum
1626 5546 1766 5601 mollescet
1780 5560 1879 5610 uuest,

280 5602 324 5655 sed
344 5606 432 5659 omnia
450 5606 568 5676 consere.
606 5607 797 5677 ’‘lmpresmtut
818 5608 894 5661 belet
913 5608 1042 5678 obrepsit.
1081 5610 1102 5641 '¹
1113 5607 1272 5679 lmprettam
1284 5627 1347 5667 cum
1360 5614 1495 5669 oratione.
1710 5606 1716 5619 ‘
