3992 6042
129 199 185 260 m
534 184 849 248 tnsscunurnn'us.
868 218 904 230 ·-
922 187 1110 247 enutrito
1136 187 1321 247 suetonis.
1341 190 1362 246 l.
1711 202 1765 261 ιω

129 308 286 373 versitatis:
300 322 384 363 unum
394 318 454 362 sero
465 305 534 372 ntttt,
549 303 662 371 scilicet,
675 304 893 374 deprecationis,·
908 303 974 359 iiber
984 304 1035 359 istc
1046 305 1075 358 in
1089 321 1141 375 quo
1162 305 1196 359 de
1212 305 1254 360 bis
1268 307 1369 376 amtor,
1382 322 1435 363 uon
1446 307 1661 380 inconsequenter
1671 329 1763 374 norem

130 377 350 441 distinctionibus
365 374 521 445 completur.
536 373 618 427 Prius
630 383 720 429 antem
734 375 825 445 opitur
843 374 871 428 in
882 374 931 428 boc
948 390 1025 442 opere
1037 375 1070 428 de
1089 374 1212 444 operibus
1223 384 1337 439 natura,
1349 394 1429 447 quam
1444 378 1477 433 de
1490 381 1615 448 operibns
1628 382 1687 447 Dei,
1699 388 1765 457 quia

130 471 179 527 per
191 469 222 508 ea
233 465 292 520 ante
304 448 377 517 iacta
389 454 461 511 sunt,
477 442 622 499 inuisibilia
637 443 686 498 Dei
698 446 907 513 conspiciuntur.
921 441 1042 498 Scrnttdo
1066 454 1154 499 autem
1174 443 1207 498 de
1222 461 1299 514 opere
1309 446 1408 501 diuino.
1427 446 1528 515 Tertio,
1539 451 1572 504 de
1583 468 1660 520 opere
1676 455 1764 523 [ortu-

130 541 184 579 na.
198 520 312 587 Quarto,
329 515 525 585 deopereoitii.
541 513 624 568 initio
636 524 725 567 autern
750 515 829 583 primi
844 513 918 578 libri,
929 523 1023 567 auctor
1044 531 1116 568 utore
1145 523 1215 568 recte
1239 516 1387 582 scribentis,
1407 521 1540 588 proponit,
1553 537 1605 575 nort
1626 531 1714 578 tomen
1735 527 1765 580 its

129 596 192 665 ipsu
208 589 387 662 propositione
398 585 550 649 materiam,
562 583 594 638 de
605 600 657 654 qna
670 592 834 638 tractaturus
849 593 898 647 est,
911 583 1045 652 praelibat,
1061 584 1096 637 od
1111 585 1302 638 insinuandum
1320 589 1459 641 materiam
1475 591 1561 658 ipsam
1576 593 1654 660 qnasi
1668 594 1766 663 ineffa-

131 664 212 720 bilem
229 675 296 722 esse,
310 668 335 713 et
351 655 385 710 ad
399 655 535 709 uitandam
547 654 740 723 orroaantiom,
752 656 817 708 nesi
831 655 863 706 dc
877 652 1058 721 ineffabilibus
1073 670 1100 707 se
1128 662 1307 709 tractaturum
1319 670 1483 725 proponeret,
1498 664 1661 731 occupantia
1675 667 1765 733 suspi-

130 736 233 790 cionem
247 731 390 798 inperaret,·
403 728 516 778 secundo
532 723 646 777 inuocat.
661 721 759 789 Tertio,
780 722 882 777 inducit
896 720 1033 776 'Naturam
1048 722 1234 778 deliberantem
1258 725 1351 780 detali
1372 728 1476 780 lrorttiue
1487 732 1659 797 procreando,
1675 736 1762 804 qualis

131 806 241 875 iuturus
253 807 318 853 esset
334 798 422 859 bomo,
439 795 462 849 si
479 795 506 847 itt
519 792 593 847 nulio
604 802 730 847 errasset.
751 791 804 848 Sed
816 792 955 861 quia‘toiis
971 793 1086 846 bominis
1100 794 1226 863 perfectio
1237 812 1289 851 non
1301 795 1386 851 salunt
1405 798 1434 850 in
1452 807 1561 864 notura,
1577 816 1666 855 cerum
1680 806 1764 857 etians

128 881 160 930 in
178 869 319 928 uirtutibus
334 865 466 930 consistit,
479 862 658 918 introducitur
675 861 808 916 Virtutum
821 862 974 925 concilium,
987 878 1047 916 cum
1059 864 1154 933 quibus
1170 862 1278 920 Natura
1295 864 1498 931 deliberat,·‘ano
1518 885 1608 937 ttoeqtte
1619 882 1707 926 autem
1721 890 1763 928 se.

129 943 247 999 curidum
261 937 397 1010 proprium
409 944 508 991 statam
520 931 688 987 describitur.
705 932 898 1003 consequenter
908 933 989 987 etiam
1003 933 1163 987 describitur
1186 934 1259 989 iocus
1272 937 1476 1000 arcanissimus,
1491 884 1602 1005 lborr'bus
1628 942 1763 1009 stellatus,

131 1011 271 1068 orionibus
284 1008 411 1069 consitas,
426 1004 508 1073 iotttis
522 1003 622 1072 irripuo
637 1003 805 1068 fecundatus.
818 1003 850 1057 ιιι
862 1003 938 1072 cujus
950 1003 1091 1073 supercilio
1105 1003 1194 1058 locato
1210 1008 1280 1076 reaia
1295 1004 1409 1060 Naturae
1423 1008 1492 1077 repio
1502 1007 1672 1078 describitur,
1684 1028 1763 1080 auro,

131 1091 252 1153 arpenta,
262 1079 396 1146 uariisque
412 1076 538 1129 instincta
550 1071 696 1142 lapidibus,
710 1072 853 1141 multiplici
863 1072 1000 1128 bominum
1026 1074 1132 1141 pictura
1148 1074 1288 1144 resculpens.
1302 1077 1343 1129 tid
1358 1076 1425 1130 itanc
1437 1076 1529 1131 aulam
1548 1078 1676 1133 uirtutum
1700 1097 1764 1135 con-

131 1161 241 1208 uocatur
255 1147 397 1209 exercitus,
416 1161 466 1198 seta
480 1144 566 1197 utitur
582 1141 774 1198 consultatione
784 1141 902 1208 Natura,
917 1159 993 1197 suant
1006 1143 1112 1197 aditibet
1129 1146 1286 1198 seutentiam
1299 1145 1458 1214 Prudentia,
1466 1147 1545 1200 ilatio
1556 1158 1694 1220 utramque
1708 1151 1764 1205 coi·

130 1222 225 1276 iaudat
241 1217 356 1273 Naturae
371 1216 442 1285 porti
452 1215 536 1283 mapis
548 1213 703 1268 asseruistis.
716 1213 835 1268 Consulit
854 1224 882 1267 nt
898 1212 1045 1267 Prudentia
1060 1212 1194 1335 delJetnr
1213 1214 1241 1267 in
1255 1217 1358 1281 caelant,
1372 1233 1431 1287 qua
1445 1216 1560 1272 Naturae
1580 1216 1763 1290 virtutumque

134 1291 192 1346 Dra
206 1301 267 1344 uota
285 1294 446 1356 praesentet:
465 1285 500 1337 od
530 1299 625 1337 aarum
633 1298 725 1404 eneces
739 1281 809 1336 Deus
823 1285 940 1338 oninium
964 1281 1091 1336 ntundam
1123 1284 1229 1337 emittat
1243 1286 1271 1338 irs
1293 1298 1389 1352 terras,
1411 1296 1437 1341 ct
1452 1286 1509 1356 ejus
1521 1289 1619 1342 anima
1630 1292 1764 1358 corporis-

130 1377 179 1432 que
195 1360 338 1421 consortio,
353 1355 485 1409 mediante
527 1361 616 1416 utura,
653 1354 816 1424 irtutumaue
827 1353 984 1417 ministerio,
997 1351 1088 1407 beatus
1098 1352 1176 1407 bomo
1190 1366 1341 1423 procreetur
1350 1357 1377 1410 iu
1390 1358 1478 1411 terris.
1493 1356 1545 1411 Sed
1554 1359 1764 1428 quianonsubi·

134 1430 261 1486 sanccitis
273 1426 355 1483 uerbis
371 1426 481 1481 assentit
497 1422 656 1484 Prudentia,
674 1437 753 1476 suurn
767 1423 907 1477 consilium
919 1423 1037 1476 annectit
1057 1421 1218 1490 Concordia,
1233 1426 1309 1491 euius
1322 1426 1433 1480 consilio
1448 1426 1496 1481 illa
1508 1429 1688 1497 satisfaciens,
1700 1446 1761 1500 sep·

132 1511 185 1556 tent
194 1499 299 1554 attciliis
313 1497 369 1551 suis
380 1497 503 1563 imperat,
517 1502 544 1547 ut
558 1492 621 1546 talis
636 1490 688 1546 sibi
703 1492 850 1574 fabricetur
863 1508 969 1558 currus,
988 1509 1040 1563 ouo
1053 1493 1173 1548 celeriter
1191 1497 1275 1563 possit
1290 1497 1325 1549 od
1339 1496 1455 1550 caelestia
1466 1498 1565 1563 derebi,
1580 1515 1709 1568 suantaue
1720 1501 1762 1554 le·

131 1571 263 1642 potionem
278 1567 382 1637 explere
398 1563 497 1633 :cujus
510 1568 670 1633 pracceptum
686 1577 742 1616 stne
769 1579 844 1617 moro
862 1562 969 1617 ancilia
994 1563 1123 1631 complere
1143 1573 1283 1619 conantur.
1301 1565 1376 1620 ilnde
1394 1567 1481 1635 princes
1492 1577 1620 1621 temonem
1635 1570 1761 1631 accredit;

131 1640 247 1695 secundo
259 1654 335 1693 cuent
348 1635 481 1698 instituit,·
497 1634 575 1688 tertio
591 1644 719 1687 tentonem
733 1647 810 1687 occas
830 1648 861 1686 ue
872 1632 981 1715 pensatis
991 1643 1017 1686 et
1032 1634 1143 1702 pioribus
1170 1636 1303 1690 inscribit.
1325 1635 1445 1706 ilciiquca
1467 1648 1583 1705 quotuor
1598 1639 1665 1692 rotis
1677 1638 1762 1709 iubri-

131 1710 224 1764 condis
235 1707 384 1779 inoiyilorrt.
398 1704 486 1761 Curru
500 1704 580 1773 ipitur
596 1704 735 1772 conrpleto,
750 1648 899 1756 Prubentto
923 1703 1052 1757 residente
1068 1704 1095 1758 in
1109 1720 1199 1771 curru,
1211 1706 1325 1776 quinque
1338 1709 1423 1777 equis,
1448 1704 1560 1762 Ratione
1575 1708 1681 1778 euripo,
1693 1725 1761 1778 qno·

130 1779 209 1850 dripa
223 1781 251 1833 in
263 1779 358 1832 coeium
373 1774 523 1829 deducitur.
538 1772 698 1827 discendenti
712 1783 801 1827 autem
814 1771 978 1840 Prudentia,
990 1773 1073 1827 uarice
1088 1790 1173 1828 rerum
1189 1786 1332 1829 occurrunt
1352 1789 1466 1831 notata.
1483 1776 1607 1831 intruetur
1617 1782 1688 1831 enim
1701 1795 1762 1848 quae

131 1865 220 1904 causae
230 1849 348 1913 nubiunt,
362 1861 421 1917 qua
434 1845 546 1908 aicium,
561 1848 599 1896 ιιι
614 1844 776 1914 orandinum
787 1844 871 1913 oripo,
884 1843 945 1913 quis
959 1853 1034 1898 ortus
1052 1844 1205 1913 fulminum.
1236 1843 1311 1899 Videt
1324 1848 1405 1900 etiam
1429 1846 1561 1901 demones
1579 1847 1759 1903 discurrentes

131 1935 179 1988 per
195 1936 269 1986 nero,
284 1918 328 1989 qui
349 1930 451 1971 suasore
463 1912 594 1984 superbier
609 1930 626 1967 a
640 1913 705 1968 coelo
716 1913 866 1982 dilapsi,·in
880 1913 1055 1982 calipinosom
1065 1913 1144 1982 liujus
1155 1915 1226 1968 ueris
1247 1924 1359 1981 noctem,
1371 1917 1495 1970 transonis
1521 1917 1686 1971 insidiantur
1715 1934 1760 1972 ro·

132 1988 254 2054 tectibus.
269 1987 428 2055 speculatur
440 1986 520 2039 etiam
533 1983 648 2038 diuersos
663 1983 705 2038 sui
716 1999 851 2048 ascensus,
865 1984 952 2038 corios
963 1983 1131 2052 planetarum
1147 1986 1299 2053 urtiroctus.
1325 1986 1368 2039 Ad
1384 1988 1509 2040 ultimum
1531 1988 1559 2040 in
1579 1985 1672 2041 caelum
1718 2004 1760 2042 re·

131 2058 215 2121 bitur,
230 2057 275 2112 ubi
290 2058 378 2112 uarius
392 2054 532 2110 stellarum
548 2065 659 2109 naturas
670 2056 798 2108 intuetur.
811 2050 864 2108 Sed
876 2069 935 2108 curn
945 2053 1017 2107 nitra
1033 2070 1083 2107 non
1093 2062 1183 2121 pateat
1197 2055 1222 2107 ei
1233 2056 1335 2118 aditus,
1349 2071 1410 2110 cunt
1426 2064 1451 2109 et
1469 2053 1547 2110 liutio
1562 2056 1633 2110 aiom
1644 2058 1759 2127 ipnoret,

131 2137 157 2183 et
167 2129 228 2198 caui
243 2127 316 2181 uitro
331 2125 471 2179 ascendere
485 2140 536 2178 nost
552 2124 666 2191 ualeant,
682 2124 710 2177 in
732 2123 855 2193 urnbipuo
869 2124 983 2193 lluctunt
1003 2120 1150 2177 Prudentia
1172 2124 1236 2194 quid
1251 2136 1346 2180 actura
1370 2126 1406 2179 ιιι
1421 2141 1430 2178 .·
1447 2126 1492 2179 ιιι
1502 2125 1566 2179 dum
1577 2127 1605 2180 in
1620 2125 1669 2179 itoc
1686 2136 1759 2182 errat

131 2199 244 2262 incerto,
278 2197 374 2251 ueiiotn
397 2195 466 2249 uidet
477 2202 590 2247 stantem
606 2196 632 2248 in
647 2193 790 2263 supercilio
804 2193 874 2259 coeii,
899 2192 974 2262 cujus
1000 2194 1100 2248 ducatu
1113 2210 1194 2264 usque
1214 2194 1249 2248 od
1274 2211 1424 2266 crisparenm
1449 2194 1542 2250 coeiuru
1560 2194 1757 2266 perduceretur,

129 2268 178 2321 uni
188 2268 241 2322 insi
262 2284 307 2321 eus
318 2282 393 2335 equo,
406 2265 508 2319 caeteris
525 2280 584 2317 cunt
597 2266 691 2334 antipa
704 2262 815 2318 Ratione
826 2265 853 2317 iu
866 2263 930 2317 coeio
944 2262 1052 2318 relictis.
1070 2289 1090 2324 ,ι

167 2335 220 2392 Sed
235 2339 305 2391 inter
319 2335 449 2404 apendum
467 2350 550 2404 aquus
563 2350 642 2403 super
661 2336 856 2404 firmatrtentum
867 2335 934 2387 sitas
946 2335 1070 2400 ntirotar,
1083 2351 1129 2390 uec
1139 2352 1183 2390 ens
1193 2337 1270 2405 tiusu
1284 2336 1389 2403 tudites,
1402 2336 1442 2391 uei
1455 2336 1591 2392 interiere
1605 2352 1759 2405 suspensas,

128 2407 175 2461 sed
186 2408 275 2476 potius
285 2404 441 2476 crystallino
453 2405 539 2475 ripere
552 2404 684 2458 solidatas
697 2421 752 2458 esse
765 2403 912 2473 perpendit.
928 2404 962 2457 ln
976 2406 1042 2457 caio
1064 2421 1123 2460 sero
1137 2421 1258 2476 empyreo
1291 2406 1433 2469 collocata,
1449 2407 1553 2461 ordines
1565 2406 1719 2476 anaeiorum
1733 2418 1759 2462 et

130 2492 211 2541 opera
231 2478 398 2537 coresiderat,·
413 2476 529 2529 miratur
543 2484 697 2528 sanctorum
724 2474 833 2537 loriam,
846 2472 950 2527 beatam
968 2472 1101 2543 Vispinem
1117 2492 1195 2544 super
1220 2476 1289 2531 alios
1313 2476 1482 2542 collocatura,
1495 2477 1582 2547 ibique
1613 2477 1759 2530 bumannsu

129 2545 232 2601 Cirristi
243 2561 351 2617 repnure
364 2554 499 2599 naturam.
512 2541 563 2598 Sed
579 2546 661 2598 nimio
673 2492 775 2614 luiqpore
789 2560 926 2613 percusso,
943 2544 972 2596 in
985 2543 1133 2615 latitarpam
1156 2546 1301 2611 delabitur,
1316 2546 1372 2599 dus
1398 2548 1454 2615 cius
1465 2548 1575 2615 potienti
1587 2549 1758 2615 compatitur,

129 2632 230 2687 suanae
247 2616 376 2671 accersitu
388 2631 477 2669 sorore
500 2615 616 2685 quatiant
638 2614 816 2685 supercoelesti
835 2615 964 2682 portione,
993 2619 1094 2669 sororis
1118 2617 1265 2673 interuentu
1288 2616 1464 2671 Prudentiam
1479 2616 1604 2670 liberata
1619 2615 1757 2686 lutipuore.

131 2684 207 2741 Tunc
224 2694 275 2741 tres
286 2685 367 2741 sitrtul
377 2687 405 2739 in
424 2685 517 2740 coeiuns
535 2682 675 2739 Trinitatis
687 2685 845 2751 ascetrdunt,
861 2682 1060 2754 Prudentiaque
1070 2687 1097 2740 in
1107 2688 1249 2756 praesentia
1270 2686 1331 2749 Dei,
1346 2685 1460 2740 Natura
1477 2685 1759 2757 Virtutuntqueootum

127 2756 247 2826 exponit.
262 2756 331 2811 licus
350 2771 409 2810 cero
422 2771 513 2810 eurum
522 2755 644 2824 petitioni
662 2757 818 2823 assentiens,
831 2756 914 2825 juata
932 2764 1062 2808 aternum
1075 2759 1170 2811 ntcrttis
1184 2757 1319 2827 ecantplar
1331 2758 1449 2810 animant
1461 2765 1543 2821 creat,
1555 2767 1673 2810 creatam
1686 2754 1758 2810 Pru-

128 2827 228 2881 dentiae
243 2826 418 2891 cotnmendat,
435 2841 541 2880 ntotrens
554 2834 582 2878 ut
592 2840 650 2878 eant
663 2835 738 2879 caute
751 2827 779 2878 in
791 2836 877 2879 tectos
898 2825 1023 2887 deducat.
1038 2841 1070 2878 ae
1087 2842 1146 2880 eom
1161 2827 1347 2881 malevolentia
1368 2826 1485 2894 aiicujus
1499 2826 1613 2896 planeta
1625 2827 1758 2880 sarientis

128 2906 293 2965 corrumpat.
308 2896 456 2950 Prudentia
470 2897 553 2966 ipitur
567 2911 626 2947 cans
637 2894 774 2949 ltiluritote
785 2896 821 2948 ud
836 2895 965 2964 interiora
989 2895 1159 2963 descendens,
1173 2898 1291 2950 animam
1306 2895 1333 2949 N
1335 2906 1420 2952 oturoe
1441 2895 1624 2967 Virtutumque
1638 2896 1759 2951 manibus

126 2968 245 3036 deponit.
257 2965 602 3035 Naturacorpuseccudi15
617 2963 766 3019 Cortcordia
775 2965 898 3034 spiritum
914 2965 986 3028 nnit,·
998 2976 1102 3019 catera
1116 2982 1176 3019 aero
1186 2968 1295 3019 uirtutes
1308 2982 1355 3033 pro
1365 2967 1427 3032 jure
1437 2982 1485 3019 suo
1499 2966 1630 3021 bominem
1640 2975 1759 3020 creatum

127 3046 270 3091 exornant.
284 3035 420 3090 Nobilitas
431 3051 490 3090 aero
503 3035 608 3096 ultima,
623 3036 687 3103 quia
707 3050 740 3087 es
763 3051 790 3088 se
817 3033 885 3087 nibil
905 3036 1043 3103 proprium
1056 3035 1144 3101 babet,
1156 3053 1171 3089 a
1185 3043 1269 3089 rnutre
1278 3039 1393 3155 lottario
1407 3038 1476 3104 quod
1487 3034 1620 3105 lsrpiatur
1630 3038 1757 3107 exquirit.

127 3105 197 3161 lade
210 3116 318 3177 sumptu
332 3107 480 3170 occasione,
492 3104 635 3168 liubitatio,
647 3103 752 3170 domus,
780 3101 897 3168 liabitas,
912 3113 937 3158 et
965 3112 1024 3157 rota
1037 3101 1063 3154 F
1064 3117 1169 3158 artusiae
1190 3104 1276 3157 descri
1295 3104 1360 3157 itur.
1374 3105 1416 3157 rid
1442 3116 1537 3159 niatrts
1552 3107 1635 3174 ipisus
1651 3109 1759 3158 dantum

131 3176 271 3232 Nobilitas
284 3177 446 3246 perveniens,
460 3182 569 3229 amatre
584 3175 659 3243 petit,
675 3191 708 3228 ne
719 3175 846 3228 uirtutum
859 3189 968 3227 ntnnera
980 3161 1155 3243 defraudans,
1174 3175 1198 3229 ei
1208 3189 1235 3227 sc
1252 3173 1401 3242 subtrabunt,
1415 3174 1460 3228 sed
1474 3174 1546 3227 dicta
1557 3191 1608 3228 sua
1622 3190 1682 3228 cunt
1693 3174 1757 3228 aliis

128 3263 194 3301 noco
211 3258 316 3302 nutura
330 3248 401 3315 operi
413 3245 543 3315 coniurat.
558 3244 600 3298 Ad
611 3245 688 3313 cnjus
698 3245 855 3314 petitionem
867 3243 976 3312 [ortona
988 3244 1040 3297 iter
1051 3244 1195 3313 arripiens,
1208 3244 1243 3296 ud
1256 3244 1363 3297 domum
1375 3253 1477 3298 nutura
1487 3245 1616 3312 pertenit,
1630 3258 1759 3314 suamque

128 3332 225 3372 munus
239 3318 384 3387 irupcndit,·
395 3317 439 3371 cui
453 3316 528 3369 danti
541 3316 643 3369 assistit
660 3313 750 3381 Ratio,
767 3331 798 3369 ne
811 3312 944 3381 Fortuna,
961 3314 1052 3384 aliquo
1064 3315 1145 3368 liuore
1157 3315 1250 3378 ductu,
1263 3313 1366 3378 aliquid
1379 3314 1500 3383 fermenti
1511 3313 1664 3367 interserat.
1678 3315 1757 3367 llom⁴

128 3386 202 3457 plera
212 3388 295 3457 initur
312 3388 427 3441 bominis
441 3386 515 3439 illius
531 3387 701 3455 perfectione,
713 3384 748 3439 ad
763 3401 840 3439 aures
850 3385 941 3439 diecto
960 3385 993 3438 de
1004 3388 1053 3438 boc
1066 3402 1142 3455 opere
1160 3386 1234 3453 inmo
1244 3383 1372 3453 peruenit.
1386 3382 1631 3438 dlectoeccrcituns
1644 3381 1756 3453 collinit,

129 3473 249 3529 rumquo
264 3459 293 3512 itt
302 3459 433 3513 bominem
446 3455 523 3509 iiiunt
536 3455 642 3526 ejusque
653 3457 760 3509 comites
780 3463 861 3526 parat
880 3454 1024 3510 insultum.
1047 3454 1115 3510 Cum
1136 3454 1213 3510 Vitiis
1232 3454 1309 3509 bomo
1330 3453 1376 3507 ille
1388 3455 1558 3524 conpreditur
1570 3468 1580 3505 .·
1592 3454 1637 3508 sed
1651 3458 1758 3506 tattdetrs

136 3525 215 3582 ttrite
229 3528 391 3598 subjuputis,
400 3528 502 3580 bantini
520 3526 562 3579 iiii
572 3527 683 3580 uictoria
695 3527 786 3579 datur.
801 3525 844 3578 Ec
855 3527 895 3579 iris
909 3525 991 3596 barret
1008 3542 1067 3597 qua
1080 3528 1114 3579 sit
1128 3526 1241 3579 materia
1263 3524 1342 3593 liujus
1368 3526 1486 3578 auctoris
1502 3525 1530 3577 in
1541 3523 1590 3577 lroa
1602 3539 1691 3593 opere.
1706 3521 1758 3576 list

131 3604 219 3652 tamen
238 3600 352 3653 ntntetia
366 3596 463 3667 dapiec
476 3611 486 3650 .·
500 3612 553 3649 una
575 3595 734 3661 tristoriaiis,
749 3595 805 3649 alia
820 3597 942 3666 mystica.
959 3596 1037 3661 Qtiod
1053 3599 1119 3650 satis
1130 3596 1253 3666 dilipcnti
1275 3595 1355 3665 liquet
1370 3594 1473 3648 lectori.
1489 3592 1523 3647 lit
1535 3594 1599 3663 auia
1611 3599 1683 3647 circo
1699 3608 1759 3646 tna·

129 3669 226 3721 terium
237 3679 359 3723 uersatur
369 3667 491 3733 intentio,
502 3681 549 3736 per
560 3667 699 3720 materians
711 3666 864 3720 intentionis
878 3676 1050 3735 comparatur
1062 3667 1168 3720 notitia.
1198 3666 1276 3719 Liber
1293 3681 1351 3719 aero
1380 3664 1448 3718 nulli
1463 3663 1638 3734 pitiiosopltioe
1661 3662 1757 3732 speciei

129 3747 233 3793 tenetur
243 3740 383 3804 obnoxius,
400 3752 469 3791 stunc
482 3736 594 3790 criticam
609 3745 728 3803 torpens,
745 3751 813 3788 nunc
821 3735 1033 3803 plriiosopiricom
1046 3735 1178 3801 delibans,
1190 3751 1259 3789 nuttc
1273 3735 1466 3789 mutbcntoticoe
1477 3732 1653 3788 subtilitatem
1666 3748 1760 3786 ascen·

128 3809 204 3873 dctus,
224 3826 292 3863 narro
304 3808 389 3863 titeoio
408 3809 442 3863 ior
451 3807 614 3877 profundum
628 3803 795 3874 supradietis.
808 3807 898 3859 Causa
912 3821 971 3859 cero
986 3807 1104 3873 suscepti
1119 3808 1216 3873 operis,
1241 3804 1339 3871 duplex
1353 3819 1362 3858 .·
1378 3803 1438 3857 lina
1450 3820 1497 3873 per
1519 3819 1547 3856 se
1559 3805 1755 3864 considerata:

129 3877 215 3932 altera
228 3880 364 3933 coilotiaa.
401 3881 427 3931 ui
438 3879 508 3931 enirn
523 3892 605 3930 consa
619 3883 722 3940 auctor,
736 3875 891 3944 appreditur
908 3874 956 3927 isac
979 3890 1056 3943 opus,
1080 3884 1109 3927 ut
1133 3888 1212 3927 suunt
1233 3881 1354 3927 exerceat
1380 3873 1533 3942 inpertiam·
1548 3882 1573 3926 et
1586 3873 1713 3936 oliorum,
1726 3878 1757 3924 ut

128 3948 235 4003 desudet
249 3950 410 4019 profectibus
424 3963 525 4002 corant.
539 3946 617 3999 Finis
628 3961 687 3999 uero
699 3946 806 3998 utilitas
819 3953 869 4010 est,
880 3944 1004 3998 bumana
1017 3952 1123 3999 tratura
1139 3943 1265 4012 capnitio.
1277 3940 1330 3995 Per
1348 3943 1418 3996 itunc
1427 3945 1498 3997 crtim
1510 3942 1607 3996 librum
1620 3942 1757 4013 coprtoscit

128 4017 206 4072 ltonto
220 4022 326 4089 quidex
337 4019 390 4072 Deo
404 4019 508 4082 lrabeat,
526 4017 590 4087 quid
604 4032 621 4068 a
633 4025 731 4069 natura
755 4016 923 4069 ministrante
946 4016 1074 4083 occipiat,
1085 4014 1175 4084 quido
1190 4014 1297 4083 [orturtu
1309 4012 1448 4080 suscipiat,
1465 4011 1528 4083 quid
1542 4029 1559 4066 ιι
1573 4014 1637 4067 ιιιιι
1648 4020 1757 4066 coutra-

129 4087 186 4141 ltat.
200 4087 276 4142 Libri
286 4091 342 4144 lttcc
359 4098 397 4143 ιιι
414 4089 572 4157 inscriptio:
589 4105 598 4137 t
620 4085 718 4155 incipit
733 4084 962 4140 briticloudinnus
975 4083 1067 4151 Alani,
1082 4091 1116 4140 ιιι
1136 4083 1303 4138 Αιιιιιιιιιιιο.
1319 4101 1329 4135 ι
1356 4082 1390 4136 lrr
1403 4087 1453 4136 truc
1464 4082 1645 4151 inscriptione,
1660 4091 1685 4136 et
1707 4097 1756 4134 ast·

129 4161 284 4229 ctoroperis
303 4159 474 4230 exprimitur,
491 4173 551 4211 cunt
571 4157 681 4218 dicitur,
694 4155 774 4209 Aiatti
792 4173 799 4210 ε
814 4155 847 4209 lit
878 4170 944 4225 opus
970 4158 1100 4222 occatoris,
1123 4169 1183 4208 curn
1206 4153 1367 4220 annectitur,
1393 4152 1632 4209 Asiticisatiianns.
1649 4151 1757 4205 Dicitur

129 4239 219 4281 autern
234 4232 302 4285 tiber
315 4232 364 4284 iste
376 4228 611 4291 Anticiaudiunns,
628 4226 730 4279 ratione
746 4226 952 4295 scaturientia
974 4228 1086 4280 materia
1108 4224 1187 4293 liujus
1200 4224 1263 4278 iibrt
1287 4224 1424 4277 contrario
1441 4234 1480 4278 est
1494 4223 1624 4293 principio
1636 4222 1757 4276 materiae

128 4296 283 4353 Claudiani.
298 4299 364 4353 Cutn
378 4300 474 4351 etertint
488 4299 515 4350 in
528 4297 711 4367 principiosni
725 4295 788 4349 libri
801 4296 967 4351 Claudianus
981 4296 1132 4349 introducat
1145 4295 1210 4348 nitio
1221 4295 1255 4347 ad
1292 4293 1474 4348 eraerteudunt
1486 4294 1621 4362 Rufinam,
1637 4294 1664 4346 in
1679 4292 1756 4362 prist·

128 4368 196 4437 cipio
209 4370 288 4439 buius
304 4370 390 4439 operis
406 4369 612 4421 introducuntur
623 4368 746 4431 uirtutes,
762 4365 797 4418 od
812 4365 983 4432 formandum
997 4367 1129 4419 bominem
1140 4363 1257 4418 beatum.
1273 4309 1357 4425 bade,
1372 4372 1398 4418 et
1415 4365 1493 4418 ionio
1506 4364 1551 4417 iiie
1561 4364 1593 4417 de
1603 4379 1655 4433 quo
1665 4362 1756 4433 apitar

127 4437 154 4491 in
166 4439 215 4494 boc
237 4440 315 4504 libro,
330 4447 440 4494 uocatur
451 4439 633 4507 dntimpinus,
649 4438 727 4506 qrtosi
740 4438 892 4489 contrarius
903 4434 1012 4503 liuticio.

485 4730 807 4826 PRAEFATIO
846 4730 1041 4823 IPSIUS
1076 4727 1395 4824 AUCTORIS.

159 5077 239 5150 321
251 5077 321 5134 Cam
333 5077 456 5136 fulminis
471 5079 588 5150 impetos
598 5077 670 5133 vires
683 5090 749 5132 sors
759 5075 911 5146 expendero
926 5084 948 5141 Α
961 5089 1085 5146 pressam
1098 5074 1258 5146 pauperiora
1269 5074 1448 5133 detractionis
1461 5076 1542 5133 istus
1553 5091 1607 5133 non
1619 5077 1755 5147 deprnaut

123 5169 285 5240 dedignetur
297 5171 324 5226 in
337 5171 468 5242 virgatas,
481 5184 575 5225 verum
588 5166 708 5225 audaces
721 5176 912 5239 prosectarum
965 5169 1013 5224 ubi
1028 5168 1119 5237 potins
1137 5167 1254 5223 misctiae
1272 5166 1458 5238 nauiragiurn,
1478 5166 1673 5224 misericordior
1690 5183 1755 5238 por·

123 5267 254 5321 arborum
278 5278 416 5339 expttgnet
438 5283 584 5333 excessus:
601 5269 748 5340 imperiosa
773 5266 846 5324 renti
868 5281 913 5321 rn-
965 5269 1024 5316 tam
1047 5259 1213 5331 expostulat,
1244 5275 1326 5330 quom
1353 5259 1469 5316 iciiciros
1498 5260 1592 5316 livoris
1622 5273 1755 5331 exposcas

123 5361 183 5417 bies
197 5362 254 5420 iras
266 5379 322 5420 non
337 5363 471 5435 expendat
485 5361 513 5417 in
527 5360 674 5428 calamum,
685 5374 780 5416 verum
796 5359 823 5413 in
837 5358 914 5414 aitis·
966 5353 1104 5409 oculeum.
1124 5349 1153 5405 in
1166 5366 1222 5421 uuo
1242 5350 1328 5407 lactor
1350 5366 1405 5406 non
1432 5352 1533 5408 intrata
1558 5351 1754 5409 corrixationis

123 5453 257 5509 simarum
271 5454 418 5526 supercilia
434 5468 525 5510 rerum
542 5452 635 5509 tusani
649 5451 730 5507 dotas
746 5450 913 5506 invectiones
967 5445 1117 5512 irrsonierts,
1134 5459 1229 5500 ierom
1248 5444 1314 5499 tima
1327 5441 1506 5500 concutiaris
1523 5443 1684 5511 emendans,
1699 5442 1754 5500 cir·

123 5543 224 5599 ιιιιιιι
240 5544 377 5613 inriosss3
392 5543 568 5616 penuriosam
587 5542 678 5613 operis
698 5540 752 5597 snei
772 5539 914 5596 ltomilits·
965 5536 1103 5594 concinat
1118 5536 1297 5606 superilanm,
1316 5535 1449 5606 contplent
1469 5534 1644 5604 diminutam,
1658 5518 1760 5613 qaste2'

123 5640 180 5692 tem
201 5635 310 5697 inridiae
327 5635 437 5695 ionius
452 5651 508 5695 non
522 5632 667 5702 lutmioct,
684 5631 738 5691 mei
758 5631 842 5691 libelii
864 5631 912 5691 de·
967 5626 1183 5706 nastilimstum
1198 5632 1352 5686 revertatur
1371 5625 1404 5683 od
1424 5624 1528 5695 limam,
1543 5623 1697 5697 impolitum
1709 5636 1758 5680 re·v
