3992 6042
231 258 286 320 tt⁷
868 259 973 316 abant
992 259 1037 314 tte
1057 256 1194 315 institis
1807 261 1858 317 lid

231 378 310 433 rilem
323 375 458 444 animum,
470 374 517 433 sed
534 375 656 430 adultum
681 394 687 429 ι
707 382 830 433 maturos
844 375 943 446 quaerit
958 389 1019 429 mo·
1034 378 1107 438 nite,
1120 390 1174 429 non
1196 373 1334 431 invenires
1354 374 1409 430 nisi
1425 373 1655 431 misericordiam.
1668 375 1858 437 liisericordia

231 482 288 535 res,
301 482 357 523 non
385 475 494 525 teneros
517 481 568 522 nec
582 479 710 549 enopmes
733 464 767 520 11.
786 464 815 521 st
836 473 922 521 totam
934 465 1019 520 sitam
1069 475 1123 534 est,
1136 467 1158 522 si
1173 478 1333 538 peccantem
1349 468 1476 529 sustinet,
1493 467 1516 522 si
1528 465 1651 539 dagellat
1669 477 1703 524 ur
1720 471 1858 539 emendet,

231 558 437 631 perseverantia
451 573 506 613 non
523 557 653 623 illustrat,
676 558 773 614 saltem
786 560 868 613 tinem
893 572 1020 630 persere·
1070 557 1121 613 sia
1136 567 1248 628 peceato
1262 557 1369 624 liberet,
1381 556 1404 613 si
1417 557 1444 613 in
1459 556 1566 627 justitia
1579 562 1861 621 conservem-miscri-

232 651 322 706 rantia
337 649 426 705 ilnalis
450 648 604 705 concludat.
626 648 655 704 Si
669 649 793 705 obtulisti
815 650 908 705 liorem
920 651 1020 721 iuren-
1070 647 1163 704 cordia
1180 661 1291 719 quoque
1304 646 1328 703 si
1343 648 1508 703 aetertraliter
1521 648 1612 719 punit,
1626 650 1692 720 quia
1711 651 1781 708 citra
1800 670 1860 711 me-

232 740 299 796 tutis
312 738 433 802 diabolo.
453 737 549 793 saitem
573 738 667 794 liccem
689 726 927 795 senectutis'oder
942 738 1021 794 Citri-
1071 742 1134 809 rita,
1157 741 1346 797 misericordia
1370 741 1394 797 si
1414 742 1581 797 aeternaliter
1601 755 1773 813 remunerat,
1795 749 1860 818 quia

233 838 288 885 sto.
300 829 330 886 ln
347 844 462 900 vespere
475 828 603 884 laudatur
624 830 759 889 serenitas
775 830 841 896 diei,
853 831 880 885 in
896 830 949 886 line
964 838 1021 886 sta·
1071 849 1154 904 supra
1172 833 1271 890 merita
1291 834 1426 905 praemiat.
1443 833 1498 890 Nec
1519 836 1546 889 in
1566 836 1619 892 lroc
1631 836 1786 898 detrahitur
1799 840 1861 910 eins

233 929 279 976 tus
290 920 381 991 operis
393 920 469 976 boni.
487 919 556 976 l'ide
574 936 589 979 a
607 930 711 992 quanto
726 921 798 978 bono
811 921 897 978 iudas
909 922 1020 990 cecidit,
1069 925 1195 995 justitiae,
1212 924 1276 996 quia
1291 925 1351 996 ejus
1365 924 1472 994 justitia
1488 926 1572 995 erigit
1597 942 1677 982 nsnm
1701 929 1861 986 misericor·

233 1012 282 1083 qui
296 1012 408 1067 inbono
421 1027 475 1066 non
489 1014 682 1081 perseverarit.
1072 1016 1134 1071 diae.
1145 1014 1255 1071 lustitia
1269 1032 1389 1086 namque
1404 1031 1514 1087 semper
1527 1017 1608 1073 debet
1620 1017 1719 1074 babere
1732 1022 1862 1077 comitem

269 1106 336 1163 tine
351 1106 415 1176 qnid
431 1104 559 1161 Salomon
575 1122 624 1178 per
638 1107 727 1162 animi·
745 1107 948 1164 instabilitatem
961 1122 1023 1179 per·
1072 1108 1303 1175 misericordiam,
1318 1109 1382 1179 qnia
1400 1107 1516 1178 justitia
1528 1109 1630 1165 sorites
1646 1109 1673 1164 in
1687 1112 1861 1168 severitatem

236 1198 317 1266 didit,
333 1198 360 1253 in
375 1206 506 1269 qrrantam
520 1198 703 1255 calamitatem
718 1197 788 1255 Saul
799 1200 908 1255 decidit.
920 1198 1022 1267 Quanti
1073 1202 1212 1266 vertitur,
1234 1199 1287 1254 nisi
1312 1198 1457 1254 dulcedine
1486 1197 1682 1255 misericordiae
1705 1202 1861 1260 condiatur.

233 1289 324 1348 meriti
347 1290 383 1345 sit
404 1291 606 1360 perseverantia
627 1306 661 1346 er
690 1290 793 1363 llagitio
814 1290 932 1362 oppositi
952 1290 1021 1358 uitii,
1076 1292 1152 1349 Unde
1165 1292 1265 1348 dicitur
1279 1292 1373 1363 :guod
1392 1290 1576 1346 Misericordia
1591 1300 1617 1346 et
1631 1293 1727 1348 ueritas
1739 1293 1862 1353 obniute-

234 1382 341 1440 scilicet
355 1381 561 1452 impoenitentiae
576 1382 731 1452 conjectare
747 1396 904 1451 possumus.
918 1380 956 1436 ile
969 1381 1023 1435 int·
1074 1394 1135 1440 runt
1146 1384 1206 1449 tibi,
1212 1384 1320 1453 justitio
1331 1392 1357 1437 et
1367 1398 1421 1453 pur
1432 1383 1561 1437 osculare
1573 1383 1860 1458 aertttl’satmurn).

232 1473 479 1549 poenitentiarium
495 1472 606 1540 elicitur,
619 1474 693 1544 quod
709 1482 783 1535 tanta
800 1474 836 1530 sit
851 1473 927 1528 labes
940 1471 1023 1542 liujus
1074 1474 1160 1530 Debet
1183 1474 1255 1530 enim
1278 1473 1387 1545 justitie
1414 1474 1634 1531 miscricordiam
1658 1476 1862 1546 quodammodo

231 1567 349 1639 peccati,
364 1566 436 1638 qnod
461 1564 640 1620 bumilitatem
665 1563 820 1634 postulandi
836 1563 942 1619 vertiam
958 1561 1025 1618 sttb·
1076 1565 1205 1632 osculari,
1223 1574 1252 1621 ut
1275 1566 1334 1636 ipsa
1350 1581 1367 1623 a
1383 1566 1493 1621 tramite
1510 1566 1566 1637 00
1584 1567 1783 1623 misericordiae
1806 1583 1863 1625 nott

232 1658 274 1715 ire
292 1673 347 1713 non
363 1658 459 1736 possit.
473 1654 537 1713 llaec
550 1665 592 1713 est
606 1656 678 1712 enim
690 1664 831 1728 peccatum
847 1655 875 1709 in
888 1653 1021 1726 Spiritum
1076 1657 1197 1725 recedet,
1211 1665 1238 1713 et
1262 1655 1453 1715 misericordia
1473 1657 1589 1728 justitie
1609 1657 1709 1715 lineam
1726 1676 1781 1716 non
1797 1673 1864 1716 ere-

233 1760 379 1820 senctum,
396 1752 454 1807 lnce
472 1761 516 1807 est
537 1759 679 1822 peccatum
703 1750 737 1805 ad
764 1759 891 1815 mortem,
913 1747 946 1802 dc
966 1761 1023 1816 quo
1039 1719 1060 1773 B
1076 1749 1131 1806 (ιιι.
1470 1760 1472 1765 ·
1829 1801 1831 1805 .

227 1842 354 1909 ,Ιοιῐιιιιε
368 1844 426 1900 ait:
446 1842 495 1897 liat
511 1843 703 1913 peccatum-od
715 1851 837 1908 morrena,
851 1856 902 1894 non
918 1840 977 1893 dien
992 1850 1022 1893 nt
1111 1842 1190 1900 Unde
1206 1850 1234 1900 et
1249 1842 1447 1901 misericordie
1464 1843 1566 1901 dicitur
1586 1859 1670 1916 supcr
1684 1845 1770 1903 altare
1787 1846 1863 1918 judi-

233 1950 282 2004 pra
295 1950 325 1988 en
339 1943 394 1988 oret
408 1935 467 2004 qnia
480 1931 507 2003 (l
517 1931 598 1988 ioan.
611 1932 650 2002 a).
665 1932 865 2003 inpoenitentia
879 1940 970 1986 antem
988 1944 1023 1984 οἱ
1075 1936 1161 2003 cintn,
1176 1935 1241 2007 quia
1253 1935 1362 2006 justitia
1379 1936 1406 1990 in
1427 1937 1598 1994 crudelitatis
1618 1938 1748 2012 abyssum
1768 1939 1863 2009 depri-

233 2025 427 2099 desperationc
443 2025 577 2091 nascitur,
594 2031 642 2078 aut
654 2038 687 2078 ex
700 2021 1023 2093 praesumptioneoritur,
1075 2024 1170 2091 mitur,
1186 2023 1240 2079 nisi
1255 2024 1451 2081 misericordiae
1465 2027 1554 2098 gratia
1565 2028 1713 2085 relaxetur.
1723 2027 1772 2085 Est
1784 2031 1865 2086 miso·

233 2125 266 2174 ct
285 2125 419 2191 quantum
446 2115 473 2170 in
499 2115 557 2186 ipsa
578 2123 630 2184 est,
647 2123 694 2171 aut
708 2116 822 2186 derogat
837 2113 885 2169 bct
897 2112 1023 2185 justitie,
1074 2113 1194 2169 ricordia
1206 2112 1323 2185 justitiae
1340 2115 1559 2185 condimentum,
1569 2117 1667 2189 iudicii
1681 2119 1866 2177 medicamen

234 2221 282 2271 ant
298 2210 417 2268 detrabit
431 2210 492 2281 ejus
505 2208 711 2266 misericordiae.
724 2208 799 2264 Felix
814 2223 880 2279 ergo
894 2222 1024 2280 persere·
1075 2214 1145 2261 tunt.
1156 2205 1212 2263 Nee
1224 2214 1316 2263 tamen
1331 2222 1381 2278 pro
1399 2208 1510 2265 miseria
1524 2200 1565 2266 v'ei
1578 2211 1698 2282 uulgaris
1710 2211 1791 2268 debet
1802 2226 1865 2269 esso

233 2303 335 2372 ranila,
349 2318 411 2374 quae
426 2302 653 2374 impoenitentiam
665 2302 796 2369 excludit,
809 2302 1024 2357 obstinationem
1075 2298 1264 2356 misericordia
1275 2301 1319 2356 rel
1329 2301 1463 2369 abscissa,
1475 2317 1540 2357 nam
1553 2312 1583 2358 ut
1595 2303 1746 2361 aitSeneca
1757 2324 1764 2361 :
1775 2325 1785 2357 ι
1795 2303 1868 2361 ran

233 2395 357 2467 expellit,
377 2402 570 2465 contemptum
591 2393 727 2461 eliminat,
741 2393 953 2450 obdtnationrm
975 2406 1025 2448 et·
1074 2389 1204 2447 omnibus
1229 2391 1373 2461 ignoscere
1397 2393 1547 2449 crudelitas
1572 2402 1625 2462 cst,
1646 2409 1730 2466 qttam
1758 2396 1863 2451 nulli.»

234 2494 355 2563 pugnat.¹
1074 2480 1223 2554 Disciplina
1234 2482 1309 2540 enim
1319 2484 1363 2540 rel
1374 2485 1562 2543 misericordia
1574 2486 1691 2543 multum
1702 2488 1864 2555 destruitur,

516 2578 631 2637 eatur
650 2578 745 2636 lll'lll.
1073 2575 1097 2631 si
1114 2590 1170 2631 nna
1184 2576 1243 2632 sine
1260 2577 1351 2633 ritem
1363 2584 1498 2647 teneatur,
1516 2579 1562 2635 sed
1576 2579 1724 2639 heccine
1739 2580 1866 2637 subditos

499 2673 538 2729 lie
565 2672 760 2728 misericordia.
1008 2728 1010 2731 ,
1073 2665 1155 2722 debet
1169 2666 1260 2722 inesse
1275 2667 1440 2735 rectoribus,
1455 2678 1485 2724 et
1500 2668 1574 2739 juste
1588 2671 1738 2727 consolans
1752 2668 1864 2727 miseri-

269 2763 310 2819 Ad
326 2764 544 2824 miscricordiam
559 2764 603 2819 har
614 2772 730 2835 possunt
745 2761 921 2819 auctoritates
933 2759 1023 2816 bomi-
1073 2757 1178 2826 cordia,
1194 2767 1221 2813 et
1239 2758 1284 2829 pie
1302 2757 1420 2815 seriens
1439 2759 1596 2829 disciplina.
1610 2758 1761 2817 Penscmus
1775 2777 1865 2833 quan·

234 2871 297 2912 mern
313 2855 429 2913 inuitare
441 2875 448 2912 ι
462 2855 540 2910 Bruti
556 2854 749 2922 inisericordet,
761 2856 886 2925 quorrium
902 2855 957 2925 ipsi
970 2854 1023 2909 rni-
1074 2857 1132 2905 tum
1149 2848 1257 2923 llopses
1272 2851 1403 2922 populum
1419 2852 1532 2920 amarit,
1548 2867 1598 2923 pro
1612 2850 1692 2923 cujus
1706 2852 1762 2908 rita
1777 2851 1864 2909 deleri

234 2947 408 3005 sericordium
424 2957 618 3021 ¹consequentur
636 2947 796 3021 (Muttini).
809 2946 1022 3003 llisericnrdiom
1075 2957 1104 2999 sc
1128 2942 1217 3013 petiit,
1231 2950 1259 2998 et
1277 2951 1381 3013 tptanto
1404 2942 1463 2999 zelo
1477 2941 1662 3011 rectitudinis,
1675 2958 1737 2999 eum
1754 2943 1863 2999 tertiam

233 3039 333 3108 suimet
345 3041 570 3112 nonsucripicirtm
581 3037 810 3111 (Muttinemrtr).
821 3039 887 3094 ltem
901 3057 909 3093 r
921 3038 1058 3113 Beatusc
1076 3036 1254 3103 obtinuisset,
1271 3036 1305 3093 ad
1335 3036 1467 3108 populum
1490 3037 1547 3094 ait:
1565 3037 1651 3094 Ponat
1678 3040 1720 3095 sir
1744 3038 1864 3110 glodiani

233 3132 311 3187 bomo
328 3134 374 3203 qui
396 3133 536 3187 miteretur
559 3143 584 3187 et
607 3132 755 3187 commodet
766 3130 854 3203 (Ptol.
870 3130 975 3200 strui).
989 3129 1024 3185 Et
1075 3146 1154 3200 super
1169 3130 1257 3200 femur
1269 3146 1358 3197 tuum,
1374 3139 1427 3186 etc.
1445 3128 1545 3201 (Erod.
1559 3130 1750 3203 xxxtr.)Ecce,
1764 3130 1865 3202 quipe·

233 3222 353 3281 lacobus
375 3225 402 3280 in
424 3224 546 3296 Epistola
557 3222 909 3281 eanonicarldieericordiu
928 3238 1023 3293 super-
1076 3223 1109 3279 ιιι
1124 3223 1207 3279 ιιιιιιι
1226 3222 1370 3278 bominum
1389 3238 1452 3280 cunt
1470 3238 1520 3280 sna
1536 3232 1634 3290 morte,
1650 3238 1802 3295 palleorum
1823 3222 1866 3277 ri·

232 3317 337 3372 exaltat
357 3316 491 3387 judicium
506 3316 578 3390 (iar.
595 3318 638 3386 ιι).
660 3314 727 3371 ltcm
748 3313 899 3371 Salomon:
917 3313 1025 3370 doeri-
1076 3325 1132 3372 tam
1148 3315 1238 3388 gladio
1255 3315 1387 3372 exstinxit
1400 3333 1408 3383 ;
1422 3316 1497 3373 intus
1518 3317 1621 3373 amoris
1643 3317 1718 3388 igne,
1733 3314 1802 3371 loris
1816 3329 1864 3371 ao·

234 3408 328 3464 cordia
339 3418 364 3464 et
383 3410 477 3465 ueritus
492 3408 647 3467 cristodiunt
660 3424 755 3478 regem,
768 3417 792 3462 et
813 3407 954 3462 roboratur
968 3406 1023 3461 eie-
1075 3423 1175 3465 census
1197 3416 1241 3463 cst
1265 3408 1325 3462 zelo
1342 3408 1496 3465 seueritatis
1514 3409 1586 3479 apud
1597 3407 1696 3464 Deum.
1710 3406 1868 3476 Utrobique

232 3500 334 3559 mentio
357 3498 467 3554 timenus
489 3500 547 3570 ejus
570 3496 663 3570 (Pron.
679 3498 737 3568 xa).
760 3496 793 3553 Et
811 3499 838 3553 in
854 3496 1022 3569 Evangelio:
1075 3499 1154 3555 lortis
1167 3499 1284 3571 legatus,
1297 3514 1409 3555 eausam
1420 3498 1514 3570 populi
1527 3498 1655 3570 precibus
1669 3497 1742 3567 apud
1753 3495 1862 3565 benni,

234 3592 333 3650 Omnia
349 3607 511 3662 quocunqne
526 3590 606 3646 cultis
624 3599 654 3644 nt
680 3589 779 3657 suriant
800 3588 872 3645 coiit
891 3589 1021 3656 dnnrinet,
1074 3606 1189 3648 censam
1208 3590 1256 3645 bei
1272 3591 1344 3661 apud
1359 3591 1489 3662 populum
1505 3591 1604 3663 gladiis
1618 3589 1755 3665 allegarit.

233 3693 258 3740 et
270 3699 315 3739 una
326 3684 407 3754 facite
417 3679 553 3747 itlis3lroer
563 3690 603 3736 eat
614 3681 657 3736 tec
668 3689 694 3735 et
704 3681 838 3751 propietoe
848 3678 1022 3753 (llattitmn).
1109 3682 1138 3740 02
1159 3683 1255 3751 bomo,
1278 3682 1499 3739 misericordiem
1528 3682 1645 3740 sectetis
1670 3680 1697 3736 in
1723 3679 1861 3751 proximo,

234 3775 257 3833 0
274 3776 368 3843 bomo,
382 3775 406 3831 si
429 3773 574 3851 diligenter
590 3773 781 3831 considerares
795 3772 842 3828 lici
864 3771 1024 3828 misericor·
1074 3789 1130 3832 non
1145 3775 1247 3832 intuitu
1260 3774 1388 3843 fortune,
1401 3775 1448 3831 sed
1464 3790 1554 3835 eeusae
1566 3791 1574 3843 ;
1586 3789 1641 3831 non
1655 3771 1788 3845 aegritudo
1800 3769 1869 3825 ini·

232 3868 318 3935 dinan,
334 3867 363 3922 in
380 3875 406 3923 te
421 3880 517 3938 posses
531 3865 632 3922 babere
648 3864 795 3925 miserendi
811 3862 1024 3931 lormam.Quid
1073 3868 1112 3923 mi
1132 3868 1181 3923 sed
1210 3867 1330 3924 ebaritas
1356 3866 1403 3922 liei
1430 3866 1604 3927 clementium
1633 3868 1751 3932 excitem
1782 3860 1862 3917 multi

232 3956 546 4022 nicaenaaitCtrristnm,
561 3956 613 4015 nisi
629 3954 836 4017 misericordia?
848 3955 914 4026 quid
931 3954 1025 4024 snbje·
1073 3961 1147 4023 enini
1162 3969 1238 4030 sunt,
1255 3963 1302 4031 qui
1318 3959 1578 4015 nocentissimorum
1599 3958 1728 4030 iacrymis
1747 3970 1862 4012 morea·

232 4053 271 4111 cit
294 4068 358 4110 eum
380 4060 483 4108 nostrae
504 4048 702 4116 miserimini
719 4046 948 4105 suaclementia:
964 4048 1024 4125 baec
1074 4064 1129 4123 nn,
1145 4054 1204 4124 qni,
1228 4054 1252 4110 si
1281 4054 1387 4119 licerer,
1412 4067 1552 4109 carcerem
1577 4049 1863 4121 effringerent3qu0s

231 4144 402 4202 1818011111
419 4139 760 4207 1101111111111111ι111
778 4140 813 4197 ill
833 4139 982 4196 1111111111·
1000 4137 1024 4194 0
1074 4164 1131 4203 non
1150 4156 1243 4202 moret
1264 4146 1396 4210 ebaritas,
1413 4145 1460 4200 sed
1475 4143 1561 4199 animi
1583 4142 1738 4198 inbrmitas.
1755 4139 1863 4196 lieddat

232 4237 311 4293 beata
337 4240 396 4304 ria,
418 4250 479 4306 quae
502 4234 560 4291 solo
581 4234 777 4291 commercium
799 4241 903 4289 noslrae
923 4231 1021 4288 salutis
1072 4254 1138 4312 ergo
1149 4239 1270 4295 ebaritas
1281 4238 1500 4308 compassionem
1511 4235 1627 4301 bomini,
1639 4233 1863 4305 puniataequttas

231 4329 444 4400 agnoscitque
462 4327 528 4384 sole,
544 4326 579 4383 ad
601 4324 687 4384 Deum
711 4325 810 4397 dirigit
827 4324 979 4394 bominem,
993 4333 1021 4381 11
1073 4332 1264 4390 enormitatem
1289 4330 1358 4386 vitii.
1371 4329 1491 4387 ilaritate
1516 4336 1608 4384 antem
1631 4326 1796 4384 studendum
1818 4332 1866 4385 est.

232 4420 318 4478 11111
341 4420 453 4478 11111111
472 4420 507 4477 ad
534 4418 692 4476 1111111111
709 4416 770 4489 1111
791 4419 849 4477 1011
873 4394 1518 4497 1111111111υιιιοιιιιὶιιιιειιιὶιειὶιοιιιίιι,ιιι
1537 4421 1644 4477 cibetur
1664 4419 1800 4481 esuriens,
1815 4428 1862 4473 re-

230 4528 344 4571 asersos
368 4515 539 4583 concilians,
563 4513 716 4586 disjunctos
742 4514 866 4581 sociam,
894 4514 1019 4587 dispares
1073 4519 1182 4576 liciatur
1204 4517 1312 4581 sitiens,
1326 4515 1463 4572 vestiatur
1486 4514 1589 4579 nudus,
1607 4513 1755 4583 recipiatur
1782 4524 1862 4580 pere·

230 4607 435 4678 quodammodo
467 4623 632 4681 coequans,
662 4608 749 4665 Deum
777 4608 942 4675 humilians,
968 4622 1020 4664 nos
1073 4612 1180 4686 grinns,
1196 4610 1354 4667 consoletur
1366 4607 1497 4679 pupillus,
1513 4606 1640 4662 visitetur
1654 4614 1784 4676 aegrotus
1796 4600 1861 4659 llaec

230 4699 395 4769 sublimans,
407 4700 484 4756 illum
500 4702 534 4759 ad
558 4701 614 4756 ima
639 4703 763 4768 trabeas,
778 4716 828 4757 nos
849 4701 883 4757 ad
911 4716 1018 4759 summa
1073 4713 1139 4761 strat
1156 4717 1240 4773 opera
1256 4699 1464 4763 miserirordiae,
1478 4713 1541 4768 quse
1563 4697 1657 4769 iustus
1681 4696 1812 4766 disponet>
1829 4694 1861 4755 in

228 4792 339 4862 erigens
351 4809 360 4859 ;
374 4792 412 4848 ita
427 4801 530 4860 tantem
546 4802 577 4848 ιιι
592 4810 646 4848 noa
660 4794 766 4864 abjecta
782 4793 1020 4865 sitejusdescen-
1071 4796 1176 4868 jndicio
1191 4793 1279 4867 (Psoi.
1294 4794 1399 4862 xxxvii,
1411 4807 1472 4864 qnae
1486 4790 1644 4862 allegabunt
1661 4794 1688 4845 in
1704 4789 1748 4845 die
1761 4788 1859 4859 judicit

228 4883 281 4951 sio,
299 4897 351 4939 nec
366 4882 483 4953 superba
497 4883 545 4941 sed
560 4885 681 4956 gloriosa
701 4885 738 4941 sit
756 4894 856 4942 nostra,
875 4885 1019 4943 exaltatio.
1070 4902 1121 4958 pro
1139 4902 1182 4941 eo.
1200 4884 1264 4941 Sola
1284 4884 1357 4941 enirn
1378 4881 1574 4939 misericordiae
1588 4894 1671 4950 opera
1692 4880 1864 4952 perorabunt

228 4970 356 5044 llagntm
376 4972 450 5028 enim
474 4972 528 5028 rim
548 4972 644 5029 babuit
668 4974 868 5042 misericordia,
884 4990 946 5047 qum
960 4974 1018 5030 sola
1072 4977 1248 5050 pronomine
1267 4976 1295 5031 in
1310 4991 1394 5032 cansa
1408 4973 1576 5044 ditali;quia
1587 4970 1725 5026 iudicium
1740 4972 1785 5043 piet
1802 4972 1861 5027 sirac

229 5065 319 5137 potuit
332 5064 419 5122 ileum
435 5063 469 5121 de
482 5065 553 5122 coelo
569 5065 677 5121 trahere
699 5065 734 5121 ad
759 5076 872 5133 terram,
888 5077 913 5123 ct
929 5066 1019 5121 bumi-
1071 5071 1253 5126 nrisrrirordiu
1264 5071 1288 5123 ei
1298 5070 1344 5139 qni
1356 5085 1406 5122 noa
1418 5067 1508 5138 fecerit
1520 5062 1857 5136 misericordiumvnemr).

228 5170 292 5213 nent
314 5158 349 5213 de
369 5155 467 5213 exsilio
492 5155 624 5212 reducere
644 5156 678 5211 ad
699 5156 864 5228 patriam.0
886 5173 1017 5229 magnum
1071 5159 1203 5228 Obomo,
1217 5161 1245 5215 in
1261 5160 1375 5216 alterius
1391 5159 1502 5214 miseria
1521 5166 1546 5214 te
1566 5158 1657 5227 ipsum
1680 5169 1856 5226 recognosce,

228 5247 427 5305 misericordiae
441 5246 593 5313 uinculum,
615 5262 672 5318 quo
685 5246 757 5306 lleus
775 5249 854 5321 ligari
874 5249 975 5320 potuit,
991 5258 1019 5307 et
1072 5252 1099 5307 in
1116 5252 1180 5319 alia,
1195 5249 1335 5306 miseriam
1358 5258 1433 5305 tumn
1458 5249 1528 5318 lege.
1542 5246 1571 5302 Si
1590 5248 1683 5319 justus
1705 5262 1746 5312 es,
1761 5245 1859 5301 eadere

229 5336 314 5393 bomo
333 5338 434 5410 ligatus
450 5337 560 5395 tinnula
581 5337 734 5409 iniquitatis
749 5342 870 5412 dirupit!
884 5340 907 5397 0
922 5342 1024 5409 bomo,
1071 5353 1149 5413 potes
1160 5360 1168 5411 ;
1180 5343 1204 5399 si
1214 5341 1292 5398 dives
1306 5358 1348 5409 es,
1362 5341 1464 5397 donum
1477 5340 1595 5398 iottunm
1607 5349 1659 5406 est,
1673 5355 1727 5394 non
1742 5344 1856 5392 naturas.

227 5431 252 5488 si
277 5440 352 5487 tuam
375 5432 565 5490 considerares
589 5432 739 5501 miseriam,
753 5433 780 5489 in
796 5450 882 5507 opere
891 5434 938 5491 bei
953 5450 1017 5507 erpa
1072 5436 1101 5490 Si
1117 5451 1204 5491 sarius
1219 5450 1261 5502 es,
1273 5434 1421 5495 inttrntras
1436 5432 1482 5492 uel
1494 5432 1589 5499 instat,
1603 5431 1646 5488 tel
1670 5432 1790 5500 minatur
1814 5427 1858 5482 in·

866 5548 986 5609 tttttAE
1003 5549 1206 5609 Lectiones
1269 5586 1275 5597 ·

262 5631 286 5665 '⁸
303 5630 356 5687 iiic
371 5634 535 5693 dominatur
549 5642 704 5709 sequentia:
715 5638 744 5695 st
760 5639 801 5696 ris
821 5639 953 5711 consequi
967 5643 1210 5712 perseverantiam,
1226 5642 1305 5697 stude
1327 5644 1502 5713 acqrriesccre
1527 5642 1619 5706 bonis,
1632 5650 1664 5696 ut
1687 5624 1858 5697 consuetudo

228 5718 290 5775 quan
305 5713 346 5761 est
361 5705 445 5763 altera
461 5718 569 5774 natura,
585 5713 612 5767 in
626 5721 651 5766 te
662 5711 893 5781 perseuerantiam
910 5710 1015 5783 gignat,
1026 5714 1170 5770 convietus
1184 5713 1332 5782 bonorum,
1349 5716 1412 5770 rinc
1428 5712 1662 5785 longanimitatem
1679 5710 1776 5783 pariat.
