3992 6042
127 277 186 332 265
713 269 760 327 b!
780 269 844 326 sn
865 269 945 325 11.ἱῦ
963 267 1154 325 ΕΗΕΒΠΒῙΜ.
1694 267 1748 326 m

128 391 1728 432 Μ

794 534 1078 625 mtutstttt

457 733 773 893 ALANI
830 731 964 883 DE
1017 726 1431 888 INSULIS

497 1023 856 1145 uouuotus
898 1002 1436 1144 uutvuustuts'
1555 991 1559 1002 ’

756 1262 1118 1357 OPUSGULUM

352 1464 467 1591 DE
521 1462 705 1592 SEX
746 1457 967 1587 luls
1011 1459 1524 1590 CHERUBIM

128 1676 167 1737 lu
183 1693 248 1758 quo
263 1676 424 1742 succincta
441 1685 472 1741 et
486 1694 563 1742 sana
578 1677 763 1741 continetur
777 1671 923 1736 doctrina
936 1672 976 1734 de
990 1673 1260 1753 compunctione,
1277 1674 1500 1751 confessione,
1514 1665 1750 1755 satisfactione,

665 1753 845 1818 Dilectione
866 1751 924 1812 Dei
945 1757 976 1812 et
993 1752 1146 1829 proximi,
1164 1763 1225 1817 etc.

203 1933 209 1938 -
235 1897 313 1955 Natta
327 1900 441 1970 pritttuat
457 1900 556 1970 integre
569 1898 694 1954 inissem
708 1897 809 1952 sttitrtra
824 1911 856 1949 ea
874 1893 984 1962 antiaco
995 1910 1046 1948 aas.
1061 1897 1365 1957 cormiliacinse&
1385 1900 1502 1969 Vadasti,
1515 1902 1642 1960 Atrebati.

714 2138 790 2227 ltu
826 2136 1164 2230 LECTOREM.

162 2291 316 2366 1691111
329 2293 448 2360 mireris,
458 2290 567 2358 Lector,
580 2291 603 2347 si
620 2289 688 2346 iorte
702 2290 862 2361 opusculum
877 2289 929 2345 boc
943 2289 1006 2360 (pro
1019 2288 1117 2359 maiori
1141 2289 1182 2344 sui
1203 2289 1291 2360 parte)
1303 2291 1447 2361 aliquoties
1464 2293 1535 2349 inter
1550 2290 1639 2365 Opera
1651 2294 1682 2353 S.
1695 2297 1749 2354 Be·

124 2395 285 2441 narenture
301 2387 464 2456 impressum
480 2383 666 2454 conspexeris,
695 2390 723 2437 et
745 2395 819 2436 nuuc
839 2378 927 2434 blano
954 2381 1117 2436 attributum
1135 2380 1244 2448 videas;
1257 2382 1331 2438 bunc
1345 2381 1418 2437 enim
1441 2398 1536 2439 verum
1561 2383 1634 2441 illius
1648 2395 1746 2443 sumo·

127 2493 189 2532 reor
208 2492 279 2544 esse,
295 2486 392 2548 prater
406 2476 575 2531 clarissimos
588 2475 673 2538 viros,
689 2472 837 2527 Antonium
859 2470 1050 2538 Passerinum,
1076 2470 1104 2525 iu
1123 2469 1263 2541 Apparatu
1285 2486 1379 2538 sacco;
1396 2471 1535 2529 Valerium
1550 2473 1704 2539 Andream'.
1718 2475 1748 2533 in

127 2570 291 2626 bibliotheca
309 2568 414 2640 Belgica
427 2586 435 2636 ;
450 2567 600 2622 Antonium
623 2565 786 2633 sanderum,
802 2565 836 2621 de
851 2563 1035 2634 scriptoribus
1053 2561 1205 2629 Flandriae;
1218 2562 1342 2634 aliosque
1356 2565 1522 2620 recentiores
1533 2564 1667 2635 plurimos
1677 2566 1748 2638 (te),

127 2661 230 2716 asserit
243 2661 324 2716 etiam
346 2659 467 2717 loannes
484 2657 663 2721 Tritbemius.
684 2664 780 2712 auctor
799 2657 827 2711 in
849 2665 974 2711 veterum
996 2654 1163 2723 scriptorum
1186 2653 1342 2725 cognitione
1359 2656 1567 2712 versatissimus
1584 2674 1593 2712 ε
1610 2655 1667 2713 imo
1680 2673 1749 2715 sua·

128 2751 176 2805 alet
199 2751 285 2822 stylus
297 2759 325 2806 ct
342 2751 416 2807 clare
439 2749 606 2807 convincunt
629 2748 708 2817 plura
722 2748 916 2816 antiquissima
943 2761 1011 2802 mss.
1034 2745 1211 2816 exemplaria,
1236 2760 1298 2816 quaa
1311 2761 1439 2816 expresse
1452 2746 1532 2802 lilani
1546 2760 1648 2802 nomeu
1664 2746 1746 2819 170

127 2841 280 2913 praeierunt
299 2842 428 2911 (quonum
449 2855 535 2896 uuum
552 2854 586 2895 ex
606 2838 705 2894 illustri
737 2837 900 2892 bibliotheca
924 2834 1025 2890 nobilis
1040 2835 1091 2889 viri
1107 2833 1139 2889 P.
1154 2833 1191 2888 11.
1216 2830 1354 2891 Tousssni
1371 2834 1568 2902 Desbarbleua,
1586 2832 1748 2903 insulensis,

128 2933 269 3004 toparcha
299 2931 438 3003 Despecta,
457 2940 511 2987 etc.
525 2930 593 2986 mibi
610 2929 769 2999 procuravit
786 2929 828 2983 vir
850 2926 1026 2983 doctissimus
1050 2934 1172 2982 veterum
1195 2926 1346 2995 presertim
1368 2937 1511 2983 auctorum
1526 2926 1652 2995 lectione,
1668 2925 1751 2983 Clau·

126 3025 194 3081 dius
215 3024 414 3091 Dorestnieuix,
435 3021 602 3093 Atrebatias)
618 3036 680 3077 curn
694 3035 710 3075 e
725 3029 831 3085 contra,
854 3020 959 3074 nullum
983 3020 1040 3075 buc
1059 3033 1158 3088 usque,
1180 3019 1323 3090 antiquam
1348 3019 1488 3091 exemplar
1506 3020 1651 3091 prodierit,
1673 3020 1749 3093 guoti

128 3116 225 3173 Sancti
248 3116 446 3172 maerentum
466 3129 567 3171 nomeu
584 3112 736 3184 praeterret.
751 3112 837 3179 Adeo,
860 3118 890 3165 ut
904 3110 1062 3181 quicunque
1081 3110 1214 3166 bactetms
1228 3110 1389 3181 opusculum
1404 3109 1471 3166 illud
1486 3120 1619 3169 curarunt
1629 3113 1751 3184 imprimt

129 3224 261 3266 urracam
287 3209 415 3279 operibus
434 3209 556 3279 eiusdem
583 3206 675 3263 Sancti
701 3205 910 3271 maerentum,
934 3218 1042 3273 semper
1063 3205 1262 3272 annotaverint,
1285 3204 1419 3262 incertum
1439 3220 1513 3273 esse,
1541 3214 1635 3263 uuum
1649 3221 1750 3264 revers

129 3302 266 3371 genuinus
286 3310 357 3356 essct
379 3301 449 3358 letus
463 3300 604 3370 Sarapbici
624 3299 755 3365 doctoris,
779 3312 813 3353 sn
829 3297 919 3352 Alani.
940 3295 1037 3352 Testes
1053 3296 1138 3367 bajus
1157 3302 1234 3362 suut,
1258 3295 1319 3353 eluse
1334 3296 1515 3353 exactissimae
1535 3298 1670 3355 editiones
1683 3312 1751 3368 ope·

129 3409 191 3447 rum
207 3392 294 3462 ipsius
320 3393 460 3462 Serapbiai
487 3394 623 3460 doctoris;
654 3394 768 3459 scilicet,
795 3391 919 3449 Roniaua
944 3390 1087 3458 Vaticana,
1116 3405 1190 3447 anno
1211 3390 1292 3459 1587,
1309 3390 1390 3462 jussu
1428 3390 1498 3447 Sitti
1517 3408 1535 3447 v
1553 3392 1698 3460 adornata,
1722 3403 1752 3447 et

130 3484 289 3554 lloguntita
304 3483 370 3539 anni
394 3483 474 3540 1119.
499 3481 528 3539 la
547 3485 647 3555 turibus
664 3485 697 3539 atl
713 3484 815 3540 calcem
840 3481 908 3537 tomi
929 3479 987 3550 tu,
1004 3481 1125 3553 reperies
1153 3480 1316 3553 opusculum
1339 3481 1391 3538 boc
1413 3480 1490 3553 (licet
1511 3481 1602 3546 tertia,
1624 3481 1692 3549 iere,
1705 3483 1750 3539 sui

132 3585 211 3647 parte
229 3578 396 3646 truncatum)
416 3576 450 3631 arl
479 3575 577 3631 seriem
603 3590 717 3646 operam
741 3577 908 3631 incertorum
937 3576 1083 3646 rejectum,
1106 3589 1170 3630 cum
1191 3572 1369 3644 inscriptione
1391 3572 1542 3644 sequenti:
1566 3572 1606 3629 De
1628 3589 1675 3629 tes
1698 3575 1752 3629 atis

129 3668 264 3722 eberabiat
285 3677 427 3724 tractatus.
450 3667 502 3734 Qui
526 3677 613 3721 tamea
633 3667 665 3722 ab
696 3666 828 3739 aliquibus
855 3667 941 3721 Alana
967 3668 1117 3738 adscriptas
1137 3666 1200 3737 [sit.
1231 3664 1290 3720 Hoc
1318 3665 1396 3720 motio
1410 3673 1576 3736 prenotatur
1595 3665 1753 3731 apascaittttt

130 3760 202 3814 istud
223 3760 251 3814 itt
276 3761 398 3816 erunibus
412 3759 557 3831 impressis.
578 3755 694 3814 Atacem
708 3769 796 3814 asum
818 3760 851 3814 aie
872 3758 973 3815 Insaiis
994 3759 1111 3815 Jaarttres
1139 3756 1299 3813 Tritbemias
1322 3757 1350 3813 in
1370 3772 1419 3812 sao
1439 3758 1472 3812 tie
1485 3756 1658 3829 scriptoribus
1669 3756 1753 3814 erste-

130 3852 248 3906 siasticis
262 3851 395 3922 catalogo,
414 3852 471 3921 ejas
484 3858 618 3904 auctorent
633 3851 763 3920 agnoscit,
777 3859 803 3905 ct
821 3848 860 3904 De
872 3865 918 3905 sea
932 3848 983 3905 atis
1005 3850 1139 3905 alterabim
1153 3850 1285 3905 inscribit.
1303 3846 1488 3919 Cuiuscunque
1500 3864 1559 3904 aero
1574 3851 1692 3905 auctorit
1703 3849 1751 3917 sit,

130 3941 234 3997 brevem
253 3951 278 3997 et
306 3958 401 3998 sartam
420 3943 535 3997 continet
552 3941 701 3996 doctrinam
724 3943 757 3996 tie
777 3941 985 4011 commeatione,
1007 3940 1180 4010 contessoris,
1193 3940 1386 4011 satisfactione,
1398 3941 1487 3996 caruis
1500 3940 1643 4012 nanttttn,
1656 3943 1751 4001 atestit

130 4036 258 4106 paritate,
278 4035 327 4090 Dei
342 4045 366 4091 et
389 4035 505 4106 proximi
518 4035 668 4092 dilectione.
684 4034 748 4092 liaec
761 4035 807 4091 ilti.

167 4126 208 4182 11
226 4125 295 4193 lttcc,
315 4127 386 4182 scias
406 4127 488 4183 etiam
510 4129 603 4195 velim,
637 4128 800 4199 opusculum
826 4126 1036 4199 hocnunquam
1059 4125 1149 4183 adbuc
1163 4125 1249 4185 luisse
1265 4127 1430 4200 impressum
1450 4128 1565 4202 integre,
1586 4131 1754 4204 mamper

131 4218 270 4287 mutilum,
287 4233 350 4273 uam
367 4229 464 4275 auctor
480 4219 559 4275 initio
583 4220 668 4290 ipsius
688 4221 823 4291 opusculi,
842 4236 971 4291 expressa
995 4221 1134 4292 seraphini
1158 4220 1289 4293 imagine,
1301 4237 1362 4278 eam
1375 4221 1495 4278 dilucide
1516 4224 1653 4295 explanat,
1671 4226 1753 4297 Juxta

130 4313 267 4370 visionem
285 4310 363 4368 lsaiae
386 4329 434 4367 cr:
456 4311 516 4367 Victi
536 4313 677 4368 Dominam
691 4314 832 4378 sebastem,
851 4322 904 4369 etc.
934 4331 1017 4386 urtam
1036 4316 1116 4372 tioete
1129 4324 1158 4370 et
1180 4317 1318 4386 eleganter
1345 4316 1469 4388 exponit.
1493 4315 1563 4383 Quia
1583 4320 1754 4389 expositione

130 4401 282 4472 praemissa,
298 4401 377 4457 dictae
390 4401 502 4470 imagini
529 4403 662 4459 concinne
687 4413 773 4459 totum
800 4406 878 4478 171
898 4405 1072 4476 subsequens
1085 4406 1246 4476 opusculum
1270 4407 1437 4477 appropriat.
1454 4405 1519 4464 iiaec
1533 4409 1668 4479 expositio
1680 4411 1755 4483 (qao

131 4492 213 4548 tacite
241 4492 349 4549 tertiam
368 4492 493 4563 opusculi
522 4503 626 4564 partem
649 4493 849 4565 complectitur)
865 4494 893 4549 in
923 4495 1051 4551 omnibus
1070 4495 1212 4566 impressis
1236 4495 1439 4567 exemplaribus
1456 4497 1642 4567 desideratum
1668 4515 1753 4573 gustu

131 4600 183 4641 nos
197 4583 242 4642 bic
267 4584 449 4649 restituimus,
470 4599 504 4639 ex
523 4598 576 4638 ms.
601 4582 695 4639 coelice
711 4591 867 4654 pervetusto
881 4583 924 4654 (ut
935 4592 1095 4655 praetactum
1108 4584 1162 4652 est)
1184 4583 1355 4640 bibliothecae
1369 4582 1533 4642 vedastina.

167 4676 265 4743 Porro,
283 4678 346 4732 licet
370 4676 493 4742 attentis,
509 4674 628 4744 imagine
650 4674 801 4745 seraphini,
818 4673 996 4744 eiusdemque
1019 4673 1211 4744 explanatione
1222 4673 1302 4743 juxta
1315 4672 1450 4730 visionem
1465 4673 1543 4731 lsaia
1565 4674 1605 4746 (in
1620 4692 1675 4748 qua
1697 4692 1753 4738 neu

131 4765 186 4822 nisi
200 4767 408 4837 seraphinorum
436 4767 466 4820 llt
480 4764 592 4830 mentio,
615 4773 643 4820 et
662 4779 716 4818 uon
736 4763 960 4835 cherubinorum)
985 4763 1104 4818 Libellus
1118 4763 1164 4819 bic
1179 4763 1386 4821 convenientius
1397 4765 1467 4821 iorte
1479 4765 1676 4824 inscriberetur
1691 4786 1698 4824 ε
1713 4766 1755 4827 De

130 4869 179 4909 sca
199 4854 250 4910 atis
262 4855 406 4925 seraptim.
420 4852 616 4917 Nihilominus,
636 4853 701 4924 quia
723 4867 778 4908 non
793 4854 882 4910 solum
901 4853 1068 4923 exemplaria
1082 4854 1176 4909 omnia
1190 4853 1335 4926 impressa,
1347 4869 1443 4912 verum
1461 4857 1544 4914 etiam
1569 4856 1751 4924 Tritbemius,

130 4956 161 5004 et
173 4948 316 5017 antiquum
331 4962 384 5001 tus.
395 4945 475 5001 uobis
490 4943 735 5011 communicatum,
752 4945 828 4999 illum
843 4943 1043 5015 inscripserunt
1056 4945 1095 4999 De
1120 4960 1166 4999 ses
1181 4945 1233 5000 alis
1255 4945 1409 5015 Cberubiut,
1423 4949 1549 5005 eumdem
1573 4949 1620 5006 hic
1639 4949 1750 5006 titulata

131 5040 333 5094 reservavimus
349 5037 532 5108 ;praesertim,
547 5035 612 5104 quia
639 5045 735 5091 auctor
749 5036 776 5091 in
806 5036 860 5091 ine
880 5037 938 5107 iam
961 5037 1062 5106 saepius
1088 5047 1246 5093 memorate
1259 5039 1451 5109 expositionis,
1476 5041 1575 5098 asserit
1599 5053 1754 5113 aequoque

131 5134 162 5188 in
173 5130 299 5203 opusculi
313 5128 526 5185 concineratione
537 5126 679 5183 reticuisse
693 5127 727 5182 ad
750 5127 886 5183 visionem
905 5126 1056 5183 Ezechielis
1069 5129 1220 5197 propbetas.
1230 5128 1278 5197 qul
1293 5130 1414 5187 nonnisi
1428 5132 1463 5186 tie
1476 5131 1636 5189 cherubinis
1657 5130 1750 5202 loqut-

131 5233 188 5289 tur,
203 5222 277 5277 nulla
290 5221 362 5277 laeta
386 5219 524 5275 mentione
535 5217 758 5288 seraphinorum.
770 5216 882 5273 iuterim
896 5217 1004 5273 libellus
1023 5216 1112 5273 bonus
1124 5224 1152 5271 et
1162 5218 1237 5274 utilis
1262 5227 1315 5286 est,
1334 5220 1458 5290 adeoque
1482 5221 1598 5292 repetito
1611 5220 1696 5292 praelo
1709 5221 1754 5280 tt·

131 5331 216 5387 81111·
1274 5380 1306 5437 D.
1320 5380 1437 5437 Carolus
1450 5380 1484 5435 ric
1495 5373 1577 5435 bisce

1291 5473 1365 5541 prior
1378 5470 1522 5526 Danassia.

170 5633 228 5705 (¹81
243 5630 366 5686 Tbomas
382 5626 514 5681 namster.
532 5625 560 5682 iu
576 5625 648 5682 illst.
664 5625 771 5684 scatia.
786 5624 918 5683 Clautlius
931 5623 1131 5692 bovesmleulr,
1144 5624 1171 5680 in
1187 5622 1301 5693 epistola
1317 5622 1350 5678 acl
1366 5621 1484 5690 me,bac
1499 5621 1663 5681 caretate.

274 5722 410 5781 Parnon.
433 5715 524 5779 CCX.
1426 5710 1433 5724 ’
1538 5715 1558 5777 1

152 5790 182 5808 Β
