3992 6042
123 173 166 230 45
660 158 922 226 ruotucdttutln
938 156 1029 223 butt.
1051 157 1226 223 ANTUERP.
1726 163 1760 221 tt

126 284 166 341 tt.
178 283 213 340 b.
227 284 321 343 Caroli
335 280 460 342 delisch
483 283 588 357 prelati
609 284 698 341 nostri
715 283 876 341 monasterii
895 284 930 339 de
942 283 1038 350 ,lionis
1059 282 1177 354 theologi
1192 291 1220 338 et
1232 281 1333 352 prioris
1356 277 1436 351 qnasi
1456 294 1491 335 ox
1513 277 1666 360 Democriti
1676 287 1761 349 puteo

125 356 241 418 educta
257 357 329 412 acin
343 356 590 427 tucemproducta,
605 355 734 425 varieque
750 354 896 420 illustrata,
911 364 993 424 atque
1008 354 1153 409 adiversis
1175 351 1310 424 theologis
1332 350 1470 416 discussa,
1491 357 1518 404 et
1539 363 1661 430 impense
1683 363 1761 429 com·

125 426 272 491 mendata,
290 426 414 483 omnium
427 427 555 483 matribus
570 425 758 482 concedantur
768 424 909 496 praeloque
922 424 1115 494 subjiciantur,
1131 431 1268 493 quatenus
1284 419 1352 476 tanti
1373 419 1497 475 doctoris
1515 433 1647 473 memoria
1666 416 1762 472 llorrde

126 496 299 551 reviviscere
317 497 415 552 valeat.
438 496 538 553 Datum
559 495 588 551 in
609 496 740 567 praediolo
763 504 859 551 nostro
885 493 1017 549 buriensi
1042 493 1211 548 monasterio
1232 492 1267 545 tl
1288 493 1333 547 die
1344 488 1445 546 biensis
1456 488 1558 572 Aprilis
1567 489 1637 571 ‘anni
1653 485 1763 569 [lumini

125 565 272 623 millesimi
287 566 481 624 sexcentesimi
494 565 715 638 auinquaqesiuri
733 564 848 622 secundi
876 564 928 620 sub
942 564 1023 635 signo
1037 571 1133 617 nostro
1154 561 1288 626 manuali,
1314 568 1342 616 et
1365 560 1545 631 contrasrqult
1566 570 1761 629 impressione.

1050 654 1210 709 Bernartius
1224 651 1310 708 abbas
1325 649 1474 719 bonensis,

1140 744 1268 802 vicarius
1279 744 1425 817 generalis.

131 894 1756 925 mmm

530 1014 778 1088 uuvutiltttuo
798 1013 1170 1097 EnbntrtssmoQttE
1191 1022 1352 1088 uoutrto

729 1172 769 1234 D.
792 1167 954 1236 canobo
975 1173 1032 1234 DE
1053 1173 1172 1236 t'tscfl

209 1313 356 1378 Abbatiaa
370 1313 535 1379 Dunensis
550 1312 655 1395 priori
672 1310 883 1377 meritissimo
898 1312 995 1377 Alani
1012 1312 1160 1376 Doctoris
1181 1311 1380 1376 Universalis
1396 1327 1494 1393 opera
1509 1309 1680 1393 evulganli

833 1439 1059 1521 applaudebat

290 1566 327 1627 ll.
344 1567 384 1631 b.
403 1566 521 1633 Petrus
536 1571 577 1631 de
598 1567 831 1641 Waauunane,
846 1564 966 1628 Furuis
986 1566 1018 1627 s.
1039 1563 1164 1627 Nicolai
1181 1561 1367 1644 Religiosns
1387 1567 1419 1626 el
1434 1560 1598 1642 subprior,

777 1645 856 1708 Ord.
878 1645 1120 1708 Promonstrat.

122 1918 200 1987 Quid
214 1916 341 1975 mortalia
354 1933 411 1975 non
422 1920 523 1992 cupido
540 1935 614 1992 qaae
934 1921 995 1984 ΔΟ
1010 1932 1112 1993 quanta
1127 1923 1238 1994 pietate,
1261 1922 1417 1989 sanctitate,

121 2008 208 2082 Cogit
222 2011 349 2081 pectora?
368 2012 493 2069 turbidus
510 2012 642 2069 inundes
971 2011 1112 2081 Doctrina,
1133 2013 1236 2078 eloquii
1253 2013 1346 2084 lepore
1367 2013 1448 2084 plena

19 2094 20 2097 ’
122 2095 246 2160 Telluris
260 2102 354 2159 solldae
366 2114 458 2160 movet
469 2104 599 2172 colonos3
971 2103 1069 2163 lstbaec
1084 2112 1149 2161 sunt
1162 2112 1341 2161 monumenta
1355 2106 1362 2160 l
1377 2121 1433 2177 qno
1446 2105 1574 2177 lequnlur

120 2193 306 2266 Immittitque
327 2195 459 2267 periculis
477 2184 607 2264 prolundi
970 2197 1097 2254 Adoctls
1113 2198 1212 2269 magis,
1228 2197 1282 2254 hoo
1297 2196 1384 2267 maqis
1401 2198 1536 2270 legentur,

122 2282 255 2345 fidenter
269 2287 366 2359 pracill
380 2286 463 2344 nimis
478 2287 590 2343 carina.
972 2290 1103 2347 Sanctam
1124 2292 1197 2347 baud
1210 2292 1297 2348 inscia
1313 2307 1463 2362 provocare
1473 2291 1591 2348 orexim.

122 2378 181 2435 Nec
200 2378 381 2437 stridentibus
404 2378 529 2436 iliricum
542 2378 634 2434 duella
813 2382 816 2387 '
969 2381 1023 2438 Per
1038 2380 1232 2454 Symplegadas
1249 2383 1314 2449 ista,
1331 2397 1380 2452 per
1395 2381 1568 2455 charybdes,

122 2471 285 2529 bliscentem
301 2470 408 2540 Borels,
427 2485 479 2528 nec
493 2469 613 2542 asperati
970 2474 1004 2528 Et
1020 2474 1148 2530 latrantia
1168 2470 1294 2545 nunquid
1312 2488 1360 2530 ora
1385 2472 1482 2546 Scyllae

122 2562 301 2635 Progressarn
316 2563 420 2619 rabiem
436 2560 509 2631 Noti,
523 2576 574 2620 nec
588 2562 661 2620 boedl
969 2565 1102 2637 conquiri
1119 2581 1198 2636 mage
1211 2566 1304 2638 digua,
1318 2581 1401 2638 quam
1416 2567 1526 2623 metalla

122 2654 221 2712 Soevos
245 2654 333 2711 Olenii
347 2662 448 2727 pavent
462 2653 580 2711 lurores.
968 2657 1079 2724 Quavis
1093 2656 1195 2725 ludica,
1209 2656 1380 2728 Persicaeque
1394 2659 1528 2729 gemmet

122 2746 234 2803 ilontes
246 2745 347 2819 cyanei
362 2745 440 2810 iretis
463 2745 536 2802 sueti
969 2738 1033 2805 llaec
1051 2757 1091 2817 tu,
1105 2741 1214 2816 Catule,
1230 2749 1359 2806 maximis
1380 2750 1465 2820 petita

124 2838 274 2910 Deprensis
288 2839 413 2895 volucres
429 2837 512 2894 lenire
529 2838 628 2908 nubes,
968 2839 1049 2896 Curis
1074 2849 1101 2896 et
1117 2840 1226 2906 studiis,
1245 2841 1425 2898 tenebricosis

122 2931 157 2988 Et
171 2932 312 2988 succincta
326 2939 403 2987 utera
418 2946 501 2987 canes
514 2930 614 3002 puella,
726 2950 729 2954 ⁴
968 2930 1080 2988 Prolers
1092 2947 1107 2987 c
1119 2932 1241 2998 latebris,
1256 2943 1284 2988 et
1304 2934 1425 3005 expolita

122 3022 293 3094 lnlamisque
313 3022 468 3094 Charybdis
484 3022 557 3078 haud
575 3023 700 3080 liburnas
970 3014 1056 3075 Liuiis
1070 3021 1171 3091 ingenii
1193 3022 1232 3077 tui
1251 3021 1349 3089 beatis,

122 3113 275 3169 Nantarum
294 3111 452 3168 temerarias
466 3121 603 3169 coercent.
968 3110 1051 3167 Prelu
1071 3110 1196 3182 subjicis,
1212 3122 1240 3167 et
1253 3113 1362 3169 reducis
1376 3113 1448 3170 orbi.

122 3202 157 3262 lit
172 3215 208 3274 te,
223 3204 331 3272 carole,
348 3219 403 3260 non
418 3204 485 3261 levis
504 3205 604 3275 cupido
969 3202 1038 3272 Quis
1051 3202 1257 3270 cistertiadum,
1272 3203 1336 3273 quis
1351 3205 1501 3261 alterorum

123 3294 261 3352 Thesauri
274 3295 390 3361 cruciat,
405 3295 538 3365 iubetque
554 3296 678 3367 quosvis,
968 3293 1029 3350 Non
1042 3297 1119 3352 latos
1140 3302 1268 3366 properet
1279 3294 1352 3351 clere
1369 3296 1494 3367 plausus,

122 3387 203 3444 lluud
227 3388 321 3458 puppi,
337 3386 384 3443 sed
405 3387 521 3457 epistola
540 3385 676 3457 lrequentl
967 3387 1008 3443 Ae
1026 3387 1183 3458 persolvere
1196 3387 1269 3443 dona
1283 3387 1458 3458 gratiarnm?

123 3479 164 3536 'l'e
179 3493 338 3551 percurrere
359 3479 485 3534 sedulum
507 3494 645 3547 recessus,
967 3480 1049 3536 Certe
1059 3480 1116 3550 jam
1135 3494 1196 3535 mea
1213 3481 1349 3537 maximas
1364 3495 1477 3536 camena

123 3570 210 3643 inque
224 3579 312 3637 ortus,
336 3570 484 3641 obitusque
497 3571 648 3642 pervolare.
967 3568 1065 3624 Grates
1079 3570 1182 3640 pendit,
1198 3570 1406 3642 honoribusque
1425 3573 1522 3644 dignos

124 3664 176 3719 llio
190 3664 347 3730 thesaurus,
363 3662 409 3717 hic
421 3662 492 3716 alma
509 3660 622 3731 gloriosi
966 3660 1092 3718 Phaebeis
1112 3670 1177 3717 ovat
1191 3663 1323 3733 impedire
1346 3665 1448 3732 crines,

124 3756 253 3813 Doctoris
266 3765 446 3812 monumenta
460 3763 526 3810 sunt
540 3753 631 3822 hlanl,
968 3751 1051 3809 Laetis
1076 3754 1260 3824 ingeminans,
1280 3771 1438 3827 vovensque
1451 3758 1544 3824 dictis,

124 3847 219 3914 Alani,
240 3863 316 3902 sacra
329 3847 379 3919 qui
399 3845 548 3902 Parisianae
646 3880 651 3890 -
969 3844 1015 3911 Ut,
1031 3862 1092 3916 quae
1105 3848 1190 3916 gloria
1210 3848 1238 3902 in
1253 3859 1327 3903 astra
1341 3848 1393 3904 lert
1414 3851 1544 3906 Alarrurn.

125 3937 198 3995 Olim
214 3940 331 3996 eulmina
352 3941 483 3997 deserens
498 3938 644 4006 cathedrae,
968 3934 1031 3991 ltaec
1048 3945 1076 3990 et
1098 3944 1125 3991 te
1144 3935 1224 4003 lerat,
1240 3937 1312 3993 iuter
1326 3947 1408 4008 atque
1423 3937 1515 3996 l‘isccs

125 4031 155 4088 ln
174 4031 370 4089 cistertiadum
394 4033 515 4104 migrare
529 4039 619 4089 castra
966 4020 1047 4082 Cives
1062 4027 1176 4095 zodiaci,
1193 4029 1235 4084 vel
1248 4030 1379 4086 eminenti

122 4118 159 4177 Et
173 4122 308 4193 stipendia
332 4122 396 4179 laici
413 4138 529 4190 merere,
966 4117 995 4174 ln
1017 4121 1094 4176 coelis
1114 4121 1168 4176 atio
1187 4122 1247 4178 loeo
1263 4133 1386 4193 reponat.

125 4207 196 4269 Toto
212 4228 270 4269 non
283 4213 376 4270 renuit
398 4218 525 4284 stupente
538 4198 651 4266 mundo.

458 4518 463 4528 ⁵
494 4525 743 4596 REVERENDO
763 4525 926 4589 DOMINO
947 4527 987 4588 D.
1012 4526 1175 4589 canobo
1195 4525 1250 4587 DE
1272 4527 1390 4590 viseti

421 4656 475 4719 ss.
491 4651 665 4733 theologie
677 4650 887 4715 baccalaureo
902 4648 1042 4713 formato
1058 4649 1271 4730 ejusdemque
1286 4648 1465 4729 professori

501 4769 694 4836 Mttnusterii
709 4772 743 4834 B.
758 4770 919 4834 Marirode
933 4768 1039 4832 Dunis
1053 4769 1156 4850 priori
1173 4768 1385 4834 meritissimo

799 4920 924 4981 ALANI
946 4921 1078 4982 MAGNI

446 5014 595 5085 Doctoris
627 5018 827 5084 Universalis
860 5020 1045 5098 nvtncupati
1072 5018 1231 5099 opuscula
1256 5018 1436 5098 publicanti

854 5118 1032 5181 accinendo

318 5249 548 5336 dpplaudebut
563 5251 602 5311 D.
616 5249 744 5310 Marcus
759 5246 986 5323 lacquemout,
1001 5240 1168 5307 Ilunensrs
1191 5242 1382 5310 monasterii
1398 5247 1563 5323 subprior.

482 5506 603 5562 Plurima
618 5521 680 5561 cum
695 5502 811 5573 Magnus
827 5518 874 5572 per
888 5512 1012 5572 tempora
1029 5502 1132 5562 dormit
1144 5505 1248 5563 Alanus

515 5576 622 5635 Excitat
636 5591 651 5634 e
663 5591 761 5634 somno
774 5573 900 5643 Carolus,
916 5588 990 5642 ecce,
1007 5574 1092 5645 gravi.
