3992 6042
229 116 283 191 Μ
855 119 957 179 mlii
977 120 1022 178 DE
1039 116 1174 177 lllslilds
1708 146 1711 150 ·
1784 120 1836 177 ibi

224 228 297 307 nude
321 246 433 310 Boetius
446 249 475 307 in
489 249 539 307 lib.
564 246 603 305 De
618 247 718 320 duplici
737 254 870 306 natumst
881 262 936 302 utra
947 260 1007 314 per·
1021 248 1044 304 Α
1092 236 1184 303 Petro,
1196 235 1315 309 proprie.
1328 234 1433 294 Dicitur
1445 236 1581 307 Christus,
1595 237 1667 296 uode
1678 239 1842 310 Apostolus:

224 357 291 397 sone
305 338 370 396 dean
379 340 500 397 Christi:
518 340 681 395 Personuest
696 347 800 395 nature
812 339 952 393 rationulis
966 338 1008 390 irt-
1059 327 1142 385 Pella
1155 338 1244 384 attium
1261 337 1318 384 11111
1331 327 1472 394 011111111θὶ
1492 331 1599 386 111111ῢί
1614 347 1623 383 ²
1642 330 1776 385 suxerunt
1791 332 1845 388 mel

223 433 333 489 riuum
347 431 507 487 eutitanus.
519 431 673 501 ttionemn
683 430 836 487 tonitium
854 430 925 486 roem
939 428 1009 485 orer·
1057 419 1089 473 de
1102 421 1252 489 retrudor
1265 420 1392 491 atterius
1407 420 1561 491 expositum
1584 431 1636 477 eu·
1658 420 1763 476 Dicitur
1777 422 1846 478 oua

224 535 271 581 tur
283 523 355 595 qnod
369 523 532 588 subsistens,
546 523 619 578 unde
631 540 640 576 a
651 521 733 577 Peter
745 531 770 577 et
786 521 876 577 Filius
885 530 910 576 rt
922 519 1009 590 Spiri-
1057 510 1170 578 Christi,
1181 511 1254 567 unde
1271 512 1299 566 in
1315 510 1444 567 Psalmo:
1463 511 1564 568 Beatus
1577 513 1623 582 gui
1634 513 1728 570 tenebit
1744 522 1770 567 et
1781 512 1847 567 alli-

226 626 268 672 tur
279 623 386 670 intretur
396 623 447 668 tm
456 621 517 668 runt
530 628 657 684 putore,
666 612 693 669 ld
704 621 746 668 est
758 622 811 669 tres
819 613 1006 669 subsistentes.
1057 604 1236 676 desperentur
1253 620 1316 660 suoi
1331 605 1492 674 aduenam,
1517 605 1544 660 id
1568 616 1611 661 est
1636 605 1683 675 oui
1711 604 1847 661 detinebit

225 703 331 760 Dicitur
353 703 455 775 aliquis
470 702 562 774 aliqua
584 703 715 774 dignitate
735 701 875 772 praeditus,
890 702 962 757 urtde
979 701 1006 756 ln
1056 696 1162 767 primos
1176 704 1268 753 motus
1285 711 1321 751 ne
1337 703 1450 766 surgant
1462 696 1491 751 in
1502 704 1848 762 consensumetactnm,et

225 792 391 865 Evangelio:
410 792 504 860 hotot,
518 793 616 848 scimur
628 794 692 863 quic
707 806 786 847 uerus
799 809 837 861 es,
856 802 881 847 et
897 808 947 847 nou
962 808 1008 846 uc·
1057 789 1150 842 allidet
1174 804 1218 844 eos
1240 788 1275 842 ud
1293 797 1406 858 petrum,
1430 788 1511 844 idest
1530 786 1678 842 refrenabit
1700 803 1750 858 per
1762 788 1847 844 iidem

225 884 442 955 ripispersouum
459 884 581 938 hominis.
609 882 713 939 Dicitur
735 883 817 938 etiam
844 883 1007 954 proprietas,
1057 878 1171 937 Christi.
1199 880 1305 936 Dicitur
1328 879 1455 936 sublimis
1477 880 1539 935 coeii
1563 887 1694 951 potestas,
1718 879 1791 935 uude
1807 879 1845 936 tle

225 974 310 1033 nobe:
323 955 1008 1046 PuterdiffertaFiliooperanno.Dicituressentia,
1058 985 1153 1032 sancto
1173 973 1233 1028 uiro
1254 974 1306 1028 sub
1320 973 1432 1029 nomine
1449 974 1548 1044 aquilio
1579 972 1613 1027 ad
1634 970 1685 1027 iub
1713 971 1846 1030 Domirm

225 1065 556 1140 ondehngustinnsrllm
572 1067 691 1123 eateliud
703 1083 758 1123 erse
776 1066 1008 1136 personumciiud
1058 1065 1183 1136 loqueos,
1193 1066 1244 1119 ait:
1254 1062 1287 1118 lu
1297 1065 1377 1134 petris
1389 1074 1487 1120 mouet.
1496 1063 1643 1135 Perpetras
1651 1064 1780 1120 sublimes
1787 1064 1847 1119 rir-

225 1176 281 1216 erse
294 1161 443 1227 essentium,
468 1162 572 1215 omniuo
589 1161 669 1216 idem.
692 1159 796 1215 Dicitur
807 1160 852 1216 ilie
870 1160 916 1230 qui
928 1160 1009 1215 habet
1058 1163 1145 1211 lutum
1154 1155 1303 1212 eoelestium
1318 1164 1465 1225 potestates
1475 1155 1712 1227 intelliguntumin
1720 1155 1844 1212 hiseuim

170 1277 174 1286 „
226 1250 335 1320 aliquod
357 1250 475 1306 officinm
496 1251 525 1306 in
545 1249 681 1315 Ecclesia,
700 1250 771 1306 unde
793 1249 938 1321 Apostolus
960 1265 1009 1307 eos
1058 1248 1285 1319 quemadmodum
1294 1246 1385 1318 aquila
1400 1257 1499 1309 manet,
1509 1246 1536 1302 id
1544 1256 1585 1303 cst
1595 1246 1697 1318 justus,
1705 1246 1770 1302 dnm
1782 1245 1846 1302 illo·

225 1341 618 1413 rnoatpersnnasdirersnrnm
630 1339 772 1397 facierum.
784 1338 864 1410 Apud
873 1340 1008 1397 rhetorem
1059 1354 1119 1395 rum
1131 1353 1276 1409 perennem
1293 1338 1406 1410 glorium
1421 1337 1602 1408 praestolatur.
1617 1336 1722 1393 Dicitur
1736 1337 1845 1409 gentilis

226 1432 308 1488 ctiam
321 1447 438 1503 persona
454 1432 554 1489 dicitur
567 1433 614 1504 qni
625 1442 735 1504 propter
748 1448 830 1489 sunm
844 1432 947 1490 iactum
964 1434 1009 1491 rei
1058 1432 1175 1502 populus
1187 1432 1234 1501 qui
1247 1444 1331 1501 petru
1342 1430 1534 1501 comparabilis
1558 1440 1618 1487 erat
1629 1439 1744 1500 propter
1765 1430 1846 1486 duri-

226 1521 329 1578 dictum
351 1522 468 1581 relsuas
489 1524 676 1594 possessiones
694 1523 810 1579 trahitur
833 1524 860 1579 in
886 1539 1008 1594 cansam,
1061 1523 1126 1577 tiam
1149 1520 1329 1585 inlidelitatis,
1355 1520 1426 1576 undo
1449 1523 1477 1575 in
1504 1519 1574 1575 lsaia
1590 1535 1597 1571 r
1615 1518 1716 1574 Emitte
1735 1535 1844 1591 egnum,

227 1613 299 1669 unde
311 1631 318 1667 :
331 1612 403 1669 Artis
417 1612 553 1669 rhetorice
565 1615 678 1670 muteris
691 1625 752 1671 suut
767 1630 879 1684 persono
893 1625 918 1670 et
931 1631 1012 1687 nego·
1063 1612 1182 1680 Domine,
1196 1613 1387 1668 dominatorem
1400 1622 1487 1675 terrie.
1504 1612 1538 1666 de
1557 1620 1631 1680 petru
1641 1609 1751 1676 deserti,
1764 1610 1791 1665 id
1802 1617 1846 1665 est

229 1706 304 1760 tium.
322 1702 409 1760 Etiam
433 1703 505 1776 apud
525 1705 586 1763 illos
603 1707 651 1776 qui
674 1716 792 1765 tranunt
805 1707 955 1764 comecias
968 1708 1012 1765 rei
1062 1706 1138 1762 mitte
1150 1706 1291 1761 Christum
1306 1705 1334 1760 in
1348 1719 1430 1761 carne
1443 1703 1652 1760 descendentem
1663 1711 1718 1758 tant
1732 1703 1766 1759 de
1777 1716 1846 1772 geu·

227 1796 372 1867 tragtedias
387 1811 505 1867 persona
517 1796 616 1853 dicitnr
632 1798 739 1867 histrio,
753 1799 800 1871 qui
822 1800 905 1857 uariis
925 1793 1013 1857 modis
1062 1801 1135 1857 tibus
1146 1813 1228 1871 quam
1243 1795 1398 1854 delndaeis.
1415 1794 1522 1852 Dicitur
1535 1795 1701 1852 obduratum
1715 1808 1762 1849 cor
1774 1808 1843 1864 gen·

226 1888 780 1961 personaododirersosstatushominum
793 1897 1014 1963 repraesentatet
1061 1892 1162 1959 tilium,
1178 1890 1251 1946 unde
1274 1887 1327 1944 lob
1350 1888 1384 1944 de
1407 1885 1525 1943 Domino
1546 1887 1604 1942 aitz
1626 1883 1661 1941 lo
1675 1889 1754 1956 petris
1771 1885 1844 1941 riuos

226 1979 300 2035 citur
314 1993 430 2049 persona
444 1993 461 2033 a
478 1979 653 2048 pmaoncudo,
665 1995 726 2050 quae
740 1978 883 2036 manifeste
896 1978 1014 2036 osteotlit
1061 1984 1169 2041 eccidit.
1183 1981 1235 2037 Per
1251 1991 1343 2052 petras
1352 1980 1419 2035 dura
1434 1979 1516 2034 corda
1527 1977 1668 2049 gentilium
1682 1976 1843 2048 accipimus,

225 2069 337 2127 Boetius
353 2070 438 2126 iolib.
451 2069 490 2125 De
503 2069 604 2141 duplici
620 2081 719 2126 natura
732 2080 756 2127 et
768 2070 1013 2143 impersonatus
1061 2092 1111 2150 per
1128 2079 1203 2132 ritus
1215 2074 1313 2130 linrlos
1326 2072 1530 2144 pmdicationis
1544 2070 1735 2141 intelligimus.
1755 2067 1789 2125 itt
1799 2086 1846 2140 pe·

226 2158 338 2216 christi.
348 2157 426 2230 ilpud
436 2159 735 2230 grammaticosdicitur
745 2161 826 2217 etiam
840 2176 956 2232 persona
969 2175 1013 2218 res
1061 2169 1110 2224 tris
1123 2182 1187 2238 ergo
1200 2165 1329 2221 Dominus
1347 2165 1417 2220 riuus
1428 2164 1538 2231 eccidit,
1550 2163 1616 2234 guia
1629 2163 1658 2218 in
1668 2161 1746 2219 duris
1756 2162 1845 2234 genti·

227 2253 368 2324 supposita
382 2250 525 2319 locutioni,
548 2253 698 2308 secundnm
720 2268 803 2324 quam
828 2255 1012 2325 acceptionem
1061 2258 1127 2314 lium
1143 2255 1271 2313 cordibus
1281 2255 1378 2311 hovius
1389 2253 1591 2326 predicationis
1604 2254 1720 2323 apernit.

227 2353 284 2400 tres
295 2344 501 2414 distinguuntur
511 2358 633 2412 persone
646 2361 654 2399 r
670 2344 767 2415 prima,
780 2346 909 2414 secunda,
922 2347 1011 2402 tertia.
1095 2343 1845 2420 Pheretro,prnprie.Diciturcarolihristlmndeisaiast

262 2433 326 2502 Pes,
337 2436 457 2506 proprie.
466 2433 569 2491 Dicitur
578 2436 670 2491 divina
683 2435 786 2493 Christi
798 2448 1014 2506 natura,sceno·
1062 2439 1097 2497 lu
1106 2443 1232 2512 pharetra
1245 2455 1295 2496 suu
1311 2438 1448 2493 ulreundit
1460 2454 1511 2504 me,
1525 2439 1552 2494 in
1565 2452 1647 2493 carne
1658 2438 1787 2493 hnmana.
1801 2436 1846 2491 Di·

228 2527 294 2586 doro
308 2526 380 2599 quod
394 2528 617 2593 calceamentum,
633 2527 659 2582 id
674 2536 716 2583 est
730 2528 849 2584 hnmana
863 2537 960 2585 natura
970 2528 1013 2584 di·
1061 2535 1133 2589 citur
1149 2533 1285 2590 occultum
1305 2531 1351 2586 Dei
1363 2529 1508 2602 indicium,
1523 2529 1602 2601 qnasi
1618 2530 1722 2586 diceret
1735 2529 1843 2585 Filius:

228 2621 341 2679 01111111
363 2620 452 2687 1111111,
461 2621 533 2676 ”lide
550 2619 578 2674 1¹¹
590 2619 756 2691 Evangelio:
776 2619 838 2676 Non
849 2637 906 2676 sum
917 2621 1012 2693 diuum
1061 2625 1140 2682 Pater
1154 2624 1296 2682 abscondit
1307 2638 1351 2680 rue
1361 2622 1481 2680 incarne
1491 2621 1622 2678 humana.
1634 2621 1740 2678 Dicitur
1751 2622 1845 2679 occul·

230 2713 330 2770 soluere
345 2712 488 2784 corrigium
499 2712 669 2767 saluamenti
680 2713 773 2783 pedum
792 2716 869 2783 cium·
888 2720 916 2767 et
925 2712 1011 2768 alibi:
1062 2727 1120 2774 tuus
1144 2716 1192 2773 Dei
1211 2716 1345 2787 judicium
1370 2714 1411 2769 rel
1431 2729 1509 2770 sacra
1536 2713 1689 2786 Scriptura,
1715 2716 1785 2770 node
1813 2713 1843 2769 in

231 2803 323 2862 Nolite
340 2806 437 2877 jurare
456 2821 503 2876 per
523 2804 616 2868 celum
630 2806 756 2877 quonium
780 2806 888 2861 thronus
900 2803 950 2859 Dei
961 2813 1012 2873 est,
1062 2807 1176 2865 Thren.:
1191 2806 1265 2863 ttutt
1276 2809 1304 2861 lu
1318 2807 1421 2862 rettilttt
1433 2807 1498 2862 meis
1511 2807 1583 2875 filius
1594 2806 1727 2876 pltaretroe
1736 2821 1799 2868 trra,
1813 2805 1843 2861 id

229 2915 311 2972 uegue
323 2914 370 2969 per
384 2907 481 2953 terrum
492 2898 617 2970 quouiont
629 2896 772 2953 scabellum
783 2897 878 2970 pedum
898 2897 1011 2969 ejusest.
1025 2924 1047 2984 G
1062 2910 1102 2959 est
1112 2901 1233 2972 sagittas,
1250 2899 1356 2956 scilicet
1370 2898 1452 2954 rcrltr
1464 2897 1722 2954 communicationis
1745 2895 1842 2968 judicii

231 2988 336 3046 Dicitur
345 2989 464 3045 hnmana
475 2989 578 3047 Christi
588 2997 697 3056 natura,
709 2989 774 3060 qnia
783 2989 854 3063 sicut
866 2999 962 3061 pusest
971 2992 1013 3046 in·
1062 2993 1104 3050 rel
1112 3007 1198 3049 sarra
1211 2990 1370 3061 Scriptura.
1385 2988 1490 3045 Dicitur
1500 3003 1647 3059 pratorum
1663 2986 1841 3054 machinatio,

230 3080 319 3139 letior
329 3097 393 3152 pars
410 3081 540 3150 hominis,
559 3081 597 3137 ita
611 3080 768 3137 hnmanitas
782 3081 895 3138 interior
914 3077 1012 3138 natn'ra
1062 3090 1134 3146 undo
1147 3088 1251 3144 boeio:
1266 3086 1433 3143 Poromram
1449 3086 1562 3156 angium
1583 3100 1647 3140 tuor
1664 3085 1693 3138 iu
1704 3084 1840 3155 pheretro,

230 3173 353 3243 Christi;
368 3174 441 3230 unde
455 3174 539 3231 Dauid
554 3193 561 3230 ε
585 3174 673 3231 Donec
697 3191 793 3247 porram
814 3176 935 3231 inimicos
954 3185 1012 3231 tuot
1062 3180 1088 3235 id
1103 3188 1146 3236 est
1165 3176 1285 3234 haeretici
1299 3177 1380 3233 rerba
1394 3190 1443 3233 sua
1455 3175 1545 3230 reum
1557 3174 1673 3230 occultis
1696 3172 1840 3228 machina·

230 3264 375 3321 scabellum
390 3265 486 3337 pedum
498 3266 653 3344 tuorumid
674 3275 716 3323 est
735 3266 878 3338 subjiciam
900 3268 949 3325 tibi
973 3283 1014 3325 se·
1063 3269 1192 3326 tionibus.
1204 3265 1309 3322 Dicitur
1320 3266 1457 3324 occultunt
1468 3264 1516 3321 Dei
1530 3263 1687 3331 consilinm,
1703 3262 1775 3319 unde
1783 3261 1841 3320 lob

232 3357 351 3414 cundum
360 3356 567 3413 humanitatem.
579 3356 1013 3429 Dicunturpraedicatoresquiper
1063 3360 1090 3415 in
1099 3373 1215 3431 persona
1226 3356 1354 3415 Ecclesiae
1368 3359 1407 3415 ait
1419 3375 1426 3414 :
1439 3359 1595 3415 Pheretrom
1610 3373 1687 3412 suem
1699 3358 1844 3427 operuisse

232 3449 326 3505 urbem
341 3449 509 3514 discurrunt,
523 3448 595 3503 unde
609 3446 709 3503 lsalas:
723 3448 808 3512 Quum
822 3447 925 3519 puleltri
936 3449 1013 3520 pedet
1062 3452 1144 3523 afficit
1166 3467 1215 3507 nte.
1233 3451 1315 3523 Greg.
1331 3469 1338 3506 :
1355 3439 1431 3507 Sicut
1450 3452 1479 3506 itt
1489 3451 1611 3524 pheretro
1624 3451 1739 3522 sagittet
1763 3451 1802 3505 sic
1814 3450 1845 3505 in

231 3540 479 3611 magelisumium,
495 3545 548 3592 etc.
566 3536 699 3592 Dicuntur
712 3537 808 3594 tinales
816 3538 882 3609 insti
892 3540 939 3611 qui
952 3556 1014 3612 per·
1062 3544 1164 3601 occultu
1175 3546 1224 3600 Dei
1236 3544 1346 3601 consilio
1355 3548 1492 3601 aeuuttttoe
1506 3545 1598 3600 luteut.
1615 3542 1654 3599 Ex
1664 3544 1790 3614 pharetra
1801 3558 1845 3601 st·

233 3628 403 3685 secutionem
427 3624 567 3696 patientur
595 3633 717 3697 temporn
740 3627 911 3695 Antichristi.
941 3633 1014 3708 node
1062 3637 1129 3708 gitta
1141 3636 1266 3693 educitur
1276 3636 1386 3708 qnando
1395 3651 1429 3692 ex
1440 3637 1549 3693 occuito
1561 3634 1608 3692 Dei
1621 3634 1735 3691 consilio
1749 3643 1843 3705 aperta

232 3716 373 3775 loannes:
391 3715 473 3772 Pedes
489 3717 547 3789 ejus
570 3718 669 3773 similer
696 3720 858 3778 aurichalco.
881 3722 1014 3781 Dicuntur
1052 3730 1353 3801 sentcntiajacnlatur.
1374 3728 1408 3786 Et
1427 3731 1479 3787 lroc
1501 3738 1561 3785 est:
1580 3728 1738 3786 Phnretreor
1765 3743 1842 3784 auem

233 3809 472 3868 hnmanialiectns
483 3812 530 3882 qni
545 3809 655 3868 luerunt
668 3812 696 3868 in
709 3812 836 3884 Christo,
853 3817 925 3874 unda
945 3818 1014 3874 dici·
1062 3824 1165 3884 corruit
1177 3836 1202 3877 et
1216 3823 1298 3893 officit
1311 3838 1361 3889 me,
1376 3821 1403 3879 itl
1415 3823 1602 3879 euoecnltum
1611 3838 1691 3879 snum
1697 3822 1843 3879 consiliunt

232 3901 365 3961 tnrzduot
377 3903 709 3970 autemmonstruosi
721 3906 1014 3979 aristotelicorum
1062 3897 1248 3971 mariiiestarit
1263 3922 1291 3970 et
1301 3915 1410 3986 publica
1421 3929 1465 3969 me
1477 3916 1652 3984 percussione
1666 3914 1826 3970 vulneravit.

232 3990 349 4049 hnmani
371 3990 484 4048 allectos
498 3993 625 4058 aliorum,
640 3995 713 4051 unde
737 3996 764 4050 in
778 3995 924 4069 Evangelio
939 3998 1013 4065 :Qui
1098 4003 1206 4071 Phiela,
1222 4019 1269 4060 ras
1286 4005 1414 4071 vitreum,
1430 4011 1458 4059 ct
1472 4003 1574 4060 dicitur
1587 4018 1603 4058 a
1615 4003 1727 4074 phialim
1738 4003 1840 4069 trane,

233 4081 350 4139 Dissest
365 4098 416 4138 non
427 4082 526 4154 indiget
541 4085 593 4137 uisi
601 4096 630 4139 ut
641 4086 718 4157 pedes
730 4085 810 4155 lucet,
823 4087 901 4145 idest
913 4089 1013 4147 mentis
1062 4099 1133 4170 quod
1148 4098 1243 4154 batim
1252 4098 1445 4168 interpretatur
1457 4098 1615 4166 utrumvel
1626 4097 1840 4169 abhio,os,quia

234 4175 346 4232 ‘stiffi‘
369 4191 385 4231 ²
406 4175 559 4233 leniillblss
582 4186 692 4248 purget;
713 4188 741 4234 et
765 4179 829 4236 ²¹ibi
857 4179 1013 4237 0111111111
1061 4191 1090 4247 io
1102 4190 1236 4261 superiori
1246 4199 1322 4261 parte
1333 4205 1382 4246 ras
1395 4190 1463 4246 illud
1483 4177 1681 4260 amplissimum
1695 4199 1764 4256 erat,
1776 4188 1843 4244 iola

235 4267 326 4339 'ww
357 4282 432 4339 ‘lm'
459 4266 650 4324 “Dimisisti
679 4273 875 4341 ‘minim
902 4284 944 4329 ⁶⁸1
967 4290 1013 4345 ve·
1028 4255 1050 4313 ⁰
1064 4282 1131 4338 riori
1147 4297 1209 4338 reru
1236 4281 1378 4349 strictum;
1405 4280 1478 4338 unde
1496 4282 1524 4336 iu
1538 4282 1598 4350 lege
1621 4279 1693 4336 Dens
1709 4281 1842 4351 praecepit

233 4373 334 4414 eurum.
349 4356 480 4413 Dicuntur
493 4358 594 4415 inllrnti
604 4360 631 4416 in
640 4359 759 4418 Ecclesia
769 4362 827 4429 Dei,
840 4363 971 4435 undelob
986 4367 1013 4422 irt
1062 4371 1163 4431 ludaeis
1176 4372 1334 4431 olfacerem
1346 4374 1462 4445 phialas.
1477 4372 1583 4429 Dicitur
1593 4373 1747 4445 persecutio
1759 4387 1840 4443 quam

233 4464 350 4521 persona
366 4445 494 4506 Ecclesia
506 4451 540 4507 de
552 4451 722 4509 intirmorum
746 4456 927 4514 conversione
946 4474 1016 4514 con·
1064 4461 1841 4537 inteudiaholuesaoctis,onoetnAgros:Quarteeongdaa

235 4537 368 4609 queritur,
379 4536 473 4595 dicens
487 4555 494 4593 a
509 4539 591 4597 Pedes
605 4558 674 4598 meos
686 4545 863 4600 subuerterint
873 4558 897 4602 et
911 4564 1015 4618 oppres·
1063 4554 1157 4625 effudit
1166 4553 1286 4623 phialam
1305 4570 1380 4609 sunm
1393 4555 1421 4610 iu
1434 4553 1527 4622 soum,
1542 4554 1571 4611 id
1589 4562 1632 4611 est
1644 4554 1769 4611 diabolus
1778 4569 1841 4626 per·

236 4628 406 4697 'minimi'
419 4629 544 4699 fliilfiffl
555 4634 656 4687 “milii
665 4635 738 4702 ⁸¹¹⁵&
751 4637 795 4692 isti
805 4639 870 4694 1111111
884 4639 918 4694 td
932 4655 1014 4712 opert
1065 4647 1231 4703 secutionem
1249 4646 1276 4702 in
1292 4658 1402 4704 sanctos
1414 4649 1462 4718 qui
1477 4648 1569 4704 lucent
1582 4649 1695 4705 scientia
1708 4648 1780 4705 sicut
1800 4647 1841 4702 sol

237 4729 344 4776 terrena
356 4719 513 4778 deserviunt
525 4732 602 4780 tanto
613 4726 945 4789 celeriusabudversariis
957 4732 1014 4789 lalli
1066 4738 1161 4795 radiis.
1174 4737 1278 4794 Dicitur
1288 4739 1457 4809 predicatio,
1471 4741 1543 4797 unde
1554 4740 1582 4795 in
1600 4741 1685 4812 llpoc.
1697 4740 1731 4797 de
1745 4739 1842 4811 angelo

235 4818 352 4881 possunt
368 4819 471 4881 quanto
491 4814 618 4871 sublimia
632 4833 687 4873 non
700 4818 864 4893 intelligunt.
891 4822 949 4882 llos
962 4825 1015 4881 itu·
1065 4830 1236 4901 iegiturzllui
1245 4830 1338 4886 holuit
1348 4840 1444 4903 septem
1457 4832 1631 4905 phinlos‚·per
1642 4831 1843 4905 angelnmordn

236 4914 291 4973 oue
303 4899 386 4973 pedes
397 4902 544 4960 adversarii
553 4907 723 4979 subvertunt,
739 4914 803 4983 qnia
819 4916 924 4972 scilicet
937 4918 1014 4973 inhr·
1064 4921 1272 4993 praedicatorum
1293 4922 1461 4996 intelligitur,
1476 4940 1524 4996 per
1534 4911 1638 4997 septem
1650 4924 1756 4996 phialas
1767 4923 1842 4980 utilis

238 5006 299 5049 snus
317 4994 345 5050 in
359 4992 480 5054 Ecclesia
493 4996 540 5055 Dei
554 5000 588 5055 ad
602 5002 644 5057 sni
665 5003 799 5077 dogmatis
821 5024 941 5067 errorem
957 5021 1013 5067 tra·
1063 5012 1232 5083 oratioue.
1258 5012 1393 5073 Dicuntur
1407 5016 1491 5073 corda
1505 5026 1663 5075 sanctorum
1677 5017 1798 5074 bdelium
1812 5016 1841 5072 in

239 5082 458 5190 Βῳιβυβνῗτεὶ
478 5098 569 5147 autern
579 5093 661 5163 pedes
673 5097 745 5152 riam
757 5106 850 5157 tenere
864 5112 1012 5172 nequeunt,
1064 5106 1164 5176 quibus
1177 5106 1328 5177 procedunt
1339 5108 1478 5166 orationes
1489 5108 1604 5178 deuote,
1616 5107 1687 5165 node
1697 5109 1726 5164 iu
1738 5109 1840 5180 hpoc:

237 5173 417 5278 onrarnlirmr
432 5179 533 5250 quique
543 5194 747 5255 persecutorum
768 5204 880 5247 suornm
896 5191 939 5248 rei
951 5209 1015 5264 pro-
1065 5195 1197 5253 llulerrtes
1210 5198 1309 5270 singuli
1322 5199 1438 5255 cithares
1449 5208 1474 5255 ct
1487 5200 1602 5270 plrinlus,
1619 5199 1646 5256 ld
1658 5208 1700 5256 est
1711 5200 1843 5255 habentes

239 5264 415 5322 rnrsstontbns
428 5270 561 5340 persuasi,
574 5272 656 5333 ntiuis
675 5278 771 5347 territi,
792 5281 834 5336 rel
848 5283 1024 5350 cruciatibus¹
1065 5289 1146 5347 eorda
1161 5306 1228 5362 pura
1240 5293 1275 5348 ad
1289 5289 1401 5348 moduni
1415 5294 1487 5362 auri,
1502 5304 1530 5351 et
1540 5294 1618 5366 plena
1633 5293 1842 5350 auomamento·

239 5351 329 5422 lracti,
337 5355 371 5412 ab
382 5355 557 5430 itincrerectn
565 5363 683 5434 deviant,
691 5377 717 5423 et
726 5383 789 5424 cunt
801 5370 925 5428 lullrmns
935 5374 1013 5444 quis·
1064 5397 1136 5447 rum,
1148 5382 1175 5438 id
1186 5391 1228 5440 egr
1241 5384 1406 5442 orationum,

239 5448 546 5515 ‘luel’fflml'iflmli
558 5457 702 5528 0011111011,
718 5461 791 5516 111111ο
809 5459 837 5515 ῑῦ
851 5464 1014 5533 blitildis·
1100 5471 1192 5527 Pictor
1217 5482 1259 5530 est
1272 5473 1427 5548 virtusqua
1444 5477 1545 5550 alionis
1570 5474 1759 5532 misericordia
1778 5486 1841 5528 roo·

242 5533 592 5605 tispelagusmiserennda
606 5547 764 5607 imitationis
779 5553 883 5623 rncrgit.
904 5548 907 5556 ’
1065 5569 1144 5618 retur
1165 5576 1229 5632 erga
1257 5563 1386 5636 alicuem.
1410 5567 1514 5625 Dicitur
1535 5568 1624 5625 cultus
1651 5566 1707 5622 Deo
1734 5565 1843 5623 debitus
