3992 6042
213 210 251 275 ts
856 178 953 269 naut
973 210 1018 267 ne
1037 209 1182 268 tuscus·
1435 200 1471 206 “·
1631 203 1638 215 ·
1810 209 1846 268 ει

214 343 330 386 suorum
352 324 522 384 famulorum
540 322 680 391 erectione
699 339 771 396 saepe
797 322 941 397 improbos
954 340 1000 382 re·
1016 325 1111 389 Alton
1129 333 1172 384 est
1190 324 1267 396 quod
1280 324 1307 380 in
1320 320 1470 397 Erarrgelio
1486 325 1605 398 legitur.
1621 321 1702 391 «Qua
1713 337 1776 380 cum
1789 341 1841 383 au·

212 420 341 491 primitet
353 419 474 474 retundit
490 418 697 490 malignantium
710 419 839 476 insultus.
853 417 1002 485 Terribilis,
1055 417 1143 472 disset
1154 415 1265 471 turbata
1279 423 1320 471 est
1335 415 1362 469 in
1381 430 1508 472 sermone
1521 415 1581 486 ejus
1592 423 1620 469 ct
1628 414 1764 485 cogitabat
1775 433 1844 489 qua·

213 512 339 581 iuquam,
358 507 503 575 haereticis,
519 523 590 579 nuos
608 515 654 563 tua
681 507 781 564 virtute
801 507 960 576 contundis,
976 516 1009 563 et·
1053 508 1088 564 lis
1099 518 1171 564 esset
1187 507 1238 563 ista
1252 506 1380 562 salutatio
1388 504 1465 574 (Luc.
1477 506 1529 577 ι).ι
1543 505 1577 563 Ει
1589 507 1642 563 hoc
1657 517 1763 578 propter
1774 525 1843 579 gan-

215 600 339 673 pertldis,
358 612 479 671 quorum
500 614 608 656 errores
629 616 646 654 a
667 598 722 655 tuis
744 599 1003 658 delectationibus⁹²
1053 599 1143 670 tripes
1168 598 1328 654 Amivtoduh.
1355 596 1424 655 Nota
1452 610 1571 670 quatuor
1600 597 1687 656 inisse
1710 616 1758 671 per
1782 616 1844 671 quae

212 695 330 751 avertis.
349 693 383 748 tu
397 700 546 748 castrorum
559 692 629 747 ncies
642 690 778 760 ordinum,
794 692 875 749 idest
887 694 922 749 ita
939 694 1002 761 hle,
1053 690 1180 746 Christus
1207 688 1283 746 uenit
1315 690 1342 744 iu
1371 689 1505 762 virginem
1531 689 1658 759 blaviam,
1688 693 1841 759 humilitas,

211 797 297 858 spect
310 787 455 843 dilectione
469 784 592 853 munita,
605 794 636 841 ut
648 785 731 840 nullis
743 785 938 842 mutationibus
951 787 1010 841 iui·.
1053 780 1185 848 charitas,
1207 781 1410 849 misericordia,
1440 783 1597 852 prudentia.
1614 783 1695 840 Vertit
1719 786 1792 841 enim
1815 787 1843 841 iu

210 879 274 937 mici
288 880 373 935 valeat
389 875 614 950 penetrarillota
628 877 704 949 quod
719 878 822 949 reginae
837 889 1008 934 vocaverunt
1053 889 1162 931 summa
1181 874 1333 929 bumilitate
1343 873 1429 930 Filius
1441 874 1487 930 bei
1503 875 1538 931 ad
1550 875 1703 948 Virginem,
1719 887 1749 933 ut
1766 888 1843 935 tanta

211 987 272 1029 earn
295 985 437 1036 auroram,
459 969 555 1025 lunam
584 976 612 1024 ει
637 968 735 1034 sotem,
755 976 784 1024 et
800 968 956 1025 ordinatam
972 979 1004 1025 ut
1052 977 1126 1023 esset
1146 966 1287 1024 humilitas
1309 967 1338 1023 iu
1354 967 1545 1040 Redemptum,
1563 980 1666 1039 quatita
1687 970 1778 1027 luerat
1792 989 1842 1029 su-

210 1072 366 1120 castrorum
387 1061 486 1127 aciem,
514 1059 643 1118 Christus
668 1069 762 1117 autom
787 1068 871 1116 vocat
889 1060 1001 1116 bortum
1053 1058 1147 1128 perbia
1161 1059 1464 1130 inprimopeecatore.
1480 1059 1569 1117 Tanta
1583 1062 1657 1118 enirn
1675 1062 1728 1119 luit
1743 1080 1843 1135 super·

212 1170 307 1219 suum,
319 1153 434 1209 diceus:
962 1178 966 1191 ·
1054 1151 1098 1206 bia
1117 1151 1145 1207 in
1170 1151 1260 1222 primo
1283 1160 1407 1223 parente,
1428 1160 1458 1207 ut
1473 1167 1504 1208 se
1519 1153 1638 1224 erigeret
1650 1164 1745 1210 cotnra
1760 1172 1841 1212 suurn

239 1245 368 1301 descendi
380 1246 408 1299 in
419 1245 525 1299 ltortnm
540 1260 638 1312 nverrm,
653 1253 682 1299 ut
702 1244 818 1302 uiderent
831 1260 911 1316 ponta
933 1261 1001 1300 eon«
1052 1243 1230 1313 tireatorem3
1249 1253 1325 1301 tanta
1338 1245 1481 1302 humilitas
1507 1246 1535 1301 in
1556 1244 1604 1301 llei
1621 1245 1703 1314 b’iiio,
1722 1249 1795 1316 quod
1811 1264 1843 1306 se

210 1337 299 1393 celiis.
1054 1332 1224 1390 inclinaverit
1239 1335 1263 1368 ’⁸
1278 1350 1366 1406 usque
1388 1337 1422 1392 ad
1438 1336 1557 1393 miseriae
1567 1339 1660 1394 carnis
1681 1348 1784 1396 nostrae
1796 1355 1842 1398 as·

246 1427 332 1496 Quasi
353 1429 471 1487 diceret:
491 1428 563 1498 Quia
579 1430 643 1486 talis
662 1436 705 1485 est
724 1427 810 1501 Virgo
828 1428 886 1500 jam
903 1429 1002 1485 huma·
1052 1428 1238 1496 sumptionem
1267 1427 1355 1499 (Phil.
1381 1429 1423 1501 n).
1457 1428 1556 1486 liulier
1581 1431 1676 1501 prima
1696 1432 1784 1488 voluit
1811 1447 1843 1490 ιε

210 1529 292 1577 rtatim
313 1536 376 1577 suun
400 1521 429 1579 in
451 1522 596 1592 virginalis
621 1521 692 1576 utcri
715 1520 878 1577 thalamo·¹.
894 1517 944 1575 llic
960 1528 1004 1577 εει
1052 1534 1161 1590 mutare
1185 1519 1253 1587 lieo,
1282 1536 1312 1577 se
1333 1521 1466 1579 humilem
1488 1521 1535 1578 bei
1561 1523 1691 1579 ancillam
1717 1525 1841 1595 professa

210 1612 309 1668 hortus
327 1611 358 1666 iu
374 1626 431 1683 quo
449 1613 556 1683 spirant
579 1611 715 1673 virtutum,
735 1619 872 1678 aromata,
896 1610 924 1665 in
943 1626 1000 1681 quo
1051 1622 1094 1667 εει
1117 1612 1236 1684 gloriosa
1256 1611 1349 1686 Virgo.
1367 1613 1500 1672 Similiter
1524 1631 1559 1672 ex
1577 1630 1685 1672 summa
1708 1618 1842 1676 charitate

209 1702 337 1759 redolent
347 1704 484 1774 patientiae
498 1705 615 1761 rosaria.
629 1703 681 1761 llic
694 1713 737 1761 est
750 1704 847 1760 hortus
862 1702 999 1761 huobbes
1016 1683 1137 1762 Burnus
1149 1704 1197 1761 bei
1209 1706 1352 1762 inclinarit
1363 1723 1392 1764 se
1403 1706 1517 1775 meua
1526 1709 1599 1765 enim
1614 1718 1657 1764 εει
1670 1708 1760 1778 maior
1770 1711 1840 1766 eha-

208 1796 377 1862 reunrrdms.
394 1797 480 1866 copiis
493 1797 660 1865 exuberans,
673 1796 741 1853 ilore
756 1797 924 1870 uirginitatis
936 1813 998 1852 ver·
1052 1797 1132 1863 ritas,
1148 1813 1231 1868 quiam
1246 1797 1346 1854 Filium
1361 1798 1409 1855 lici
1421 1801 1513 1856 venire
1525 1801 1553 1856 in
1566 1801 1698 1856 rnundum
1715 1811 1746 1857 ut
1766 1804 1840 1858 redi·

207 1900 290 1954 naus,
314 1902 395 1957 quem
417 1902 474 1947 ιιοιι
498 1888 571 1945 venti
591 1889 678 1960 tangit
690 1889 848 1957 austeritas,
865 1890 911 1946 ubi
927 1891 1000 1945 mol·
1050 1897 1139 1945 meret
1159 1905 1281 1957 servum,
1299 1891 1322 1923 ⁹⁶
1348 1900 1379 1947 ut
1404 1902 1514 1948 sanaret
1529 1894 1680 1964 mentum?
1707 1893 1839 1951 Similiter

207 1975 286 2032 lioris
302 1978 476 2049 auraegvatia
496 1978 684 2037 indesinenter
702 1982 817 2051 aspirat,
836 1988 864 2037 et
879 1981 1000 2037 vernalis
1051 1995 1159 2035 summa
1182 1980 1271 2052 pietas
1294 1989 1322 2036 ct
1349 1982 1537 2040 misericordia
1562 1985 1715 2042 incarnavit
1737 1985 1757 2040 F
1760 1987 1839 2043 ilium

205 2069 353 2125 smusttims
374 2068 458 2125 allicit
482 2070 630 2127 intuentes.
655 2070 689 2126 Et
704 2080 768 2127 nota
784 2072 870 2143 quon,
885 2073 933 2129 ubi
949 2072 1000 2128 ha·
1051 2068 1110 2125 bct.
1126 2066 1194 2140 Qure
1208 2069 1282 2126 enim
1296 2070 1387 2142 major
1398 2073 1486 2143 pietas
1504 2082 1532 2129 et
1544 2075 1735 2131 misericordia
1755 2092 1839 2146 quam

206 2158 307 2218 bemus
322 2160 351 2214 in
380 2160 471 2216 littera
495 2170 591 2217 nostra
611 2178 716 2231 meunt,
746 2164 860 2235 quidam
889 2164 1000 2221 codices
1050 2160 1136 2218 ileum
1151 2178 1181 2218 se
1195 2163 1338 2220 exinanire
1350 2172 1378 2219 et
1391 2165 1463 2220 servi
1476 2165 1593 2222 immam
1602 2168 1725 2239 accipere
1734 2170 1839 2241 (itin),

206 2249 310 2308 babent
319 2268 428 2321 tracum,
439 2254 513 2324 quod
527 2254 666 2326 eleganter
675 2255 804 2311 convenit
813 2254 921 2328 Virgini
934 2257 997 2326 glo·
1050 2270 1134 2324 quam
1145 2254 1271 2324 opitlcem
1286 2271 1356 2330 opus
1371 2272 1452 2314 suum
1466 2258 1571 2329 eripere
1586 2260 1621 2315 de
1640 2261 1702 2317 lacu
1716 2260 1790 2317 lucis
1812 2272 1840 2321 et

205 2344 488 2417 rinsae.liuxquippa
506 2347 728 2403 hahesamarum
742 2349 997 2417 mrrioem‚tesmm
1050 2343 1259 2416 tuiserite(Psul
1289 2346 1396 2418 xxxix).
1416 2347 1448 2403 dt
1467 2350 1673 2405 summactiam
1695 2351 1840 2420 arridentia

205 2434 447 2502 duram,nucleum
460 2436 668 2503 dulcissimum
683 2438 813 2509 ilalirgo
824 2450 910 2496 mater
921 2454 999 2500 ente·
1049 2435 1114 2507 tuit,
1129 2438 1203 2510 quod
1217 2455 1247 2494 se
1260 2438 1309 2495 Dei
1320 2440 1456 2510 sapientia
1471 2441 1636 2508 incarnavit,
1651 2451 1680 2498 ut
1694 2445 1775 2498 hornn
1788 2445 1840 2501 ho·

206 2526 267 2583 rius
289 2527 386 2584 babuit
408 2528 507 2585 carnis.
519 2528 707 2586 inllrmitatem
732 2541 758 2588 et
775 2532 875 2589 duram
887 2545 996 2604 tostam,
1050 2530 1153 2586 minem
1166 2531 1322 2589 redimeret.
1337 2531 1401 2588 llaec
1412 2543 1532 2605 quatuor
1543 2535 1838 2604 humilitas,cbarites,

207 2620 234 2677 id
260 2629 302 2677 est
327 2620 391 2678 bdei
421 2621 528 2677 hnmana
552 2624 745 2691 constantiam,
771 2633 802 2680 et
830 2625 1001 2697 virginitatis
1050 2622 1250 2690 misericordia,
1276 2623 1441 2695 prurientia,
1460 2624 1571 2681 luerunt
1597 2626 1677 2695 quasi
1712 2625 1837 2695 qrraedanr

205 2715 447 2782 perseverantiam,
463 2725 491 2771 et
502 2714 694 2771 dulcissimum
714 2717 843 2775 nucleum
857 2718 997 2776 Christum
1049 2715 1191 2788 quadrigae
1206 2731 1255 2787 per
1275 2731 1358 2789 quarn
1385 2716 1545 2774 incarnatus
1565 2717 1638 2772 venit
1664 2717 1697 2771 ad
1715 2732 1767 2772 nns
1790 2715 1837 2773 Dei

206 2806 271 2877 quia
286 2806 388 2862 inundo
402 2807 473 2877 parit
488 2806 641 2876 Christum,
666 2823 699 2864 ει
715 2823 770 2879 quo
784 2809 849 2866 data
863 2818 905 2866 εει
917 2811 998 2868 nobis
1049 2806 1147 2866 Filius.
1162 2807 1226 2865 lloec
1248 2807 1339 2864 aulem
1360 2815 1479 2878 qrtatuor
1500 2806 1633 2862 admirata
1644 2816 1686 2862 cst
1706 2805 1792 2879 Virgo
1807 2808 1838 2863 in

206 2897 325 2954 dulcedo
339 2907 449 2955 aetcrne
461 2900 651 2957 beatitudinis.
666 2901 713 2957 Sic
727 2916 794 2973 ergo
804 2902 932 2961 Christus
948 2903 998 2961 de·
1050 2917 1179 2960 sermone
1202 2902 1339 2973 angelico,
1357 2900 1549 2967 bumilitatem,
1564 2900 1738 2967 charitatem,
1753 2900 1839 2956 mise·

206 2989 313 3046 scendit
328 2990 356 3045 in
373 2989 512 3059 Virginem
538 3007 587 3062 per
604 2992 804 3051 incarnationis
814 3010 872 3052 suae
888 2997 1035 3079 humili-(3
1051 2994 1197 3052 ricordiam
1221 3002 1251 3051 ει
1273 2993 1459 3065 prudentiam,
1485 3008 1547 3064 quae
1561 2991 1689 3048 Christus
1713 2993 1839 3048 exhibuit

203 3088 305 3148 tatem,
325 3092 356 3140 ut
369 3084 482 3149 videret,
501 3085 554 3140 hoe
566 3093 609 3142 est
622 3084 825 3144 riderelaoeret
839 3106 918 3160 pomo
934 3107 998 3147 eou—
1050 3085 1134 3141 bobis
1153 3100 1215 3141 ⁰⁰¹¹!
1241 3100 1352 3141 0111110111
1367 3083 1523 3153 Ϊθδῦῠῑῑψθῑῑ
1543 3082 1571 3138 111
1595 3082 1723 3153 illelmi
1740 3091 1836 3139 istem·

204 3174 463 3248 anilis,idest38
480 3176 586 3235 tructus
604 3179 998 3249 qrriinhumilitatecondiun·
1049 3176 1208 3233 ituantem
1231 3175 1364 3235 dicunutr
1384 3175 1526 3246 qutadrigae
1550 3175 1714 3242 hminarlab,
1743 3175 1770 3230 id
1795 3182 1838 3232 est

205 3274 262 3322 tur.
277 3265 382 3323 llicitur
404 3278 495 3325 autem
513 3269 586 3327 [leus
607 3271 712 3343 aliquid
732 3272 837 3340 videre,
851 3275 877 3330 id
891 3284 934 3331 eet
945 3276 997 3332 ati.
1047 3268 1159 3325 Christi.
1173 3267 1326 3324 aminadab
1338 3281 1476 3337 pronepos
1491 3265 1543 3322 init
1565 3264 1643 3321 tuna
1664 3266 1837 3336 pahiarchae,

205 3358 273 3429 naid
286 3359 373 3415 rideri
394 3359 496 3429 lacere,
507 3361 586 3433 juxta
602 3363 677 3433 quod
689 3363 723 3418 au
737 3363 877 3421 Abrabam
891 3365 995 3421 dictum
1047 3376 1095 3433 per
1118 3374 1206 3431 quem
1226 3359 1367 3428 generatio
1388 3357 1490 3414 Christi
1501 3358 1667 3425 conuenitnr,
1680 3359 1728 3430 qui
1746 3359 1836 3414 inter-

202 3457 263 3507 est:
285 3448 369 3523 rEgo
394 3453 520 3523 cognovi,
536 3473 545 3506 ι
562 3454 588 3509 id
611 3461 654 3510 εει
670 3454 740 3511 alios
751 3470 918 3526 cognoscere
932 3457 1001 3524 teci,
1047 3460 1171 3525 pretatur
1189 3449 1281 3522 popuii
1305 3451 1356 3504 mei
1374 3458 1546 3521 spontaneis.
1564 3448 1597 3504 Et
1611 3448 1839 3521 signihcattlhri·

206 3560 217 3594 r
234 3543 307 3614 qrrod
320 3544 420 3599 timeas
434 3542 519 3599 Derim
534 3543 611 3613 (Gen.
627 3547 724 3617 astri.»
1047 3552 1121 3600 ειιιιιι
1148 3544 1197 3614 qui
1220 3543 1323 3616 populo
1347 3555 1398 3599 suo
1417 3551 1588 3613 spontancus
1601 3541 1666 3609 init,
1680 3542 1757 3612 quia,
1772 3557 1837 3597 cum

242 3634 278 3690 Et
293 3636 451 3705 inspicerent
467 3635 493 3691 si
512 3635 649 3705 {inruisset
669 3638 755 3706 uinea,
767 3646 791 3694 et
802 3640 997 3710 pernrinnsssnt
1047 3646 1121 3694 esset
1137 3635 1222 3704 Beus,
1236 3651 1267 3692 se
1284 3635 1375 3706 ipsum
1394 3650 1445 3706 pro
1465 3634 1526 3705 ipso
1547 3634 1669 3690 tradidit.
1689 3633 1743 3689 Sed
1756 3635 1836 3705 quasi

205 3725 277 3780 nmio
292 3727 400 3796 punicu.
1046 3729 1081 3785 ad
1099 3725 1239 3802 Virginem
1252 3727 1391 3784 turbatam
1416 3725 1444 3779 in
1460 3739 1589 3783 sermone
1609 3740 1660 3782 suo
1673 3725 1837 3795 respondeat

239 3816 335 3884 idest,
356 3818 560 3877 considerarem
587 3823 730 3893 quomodo
745 3823 868 3882 Ecclesia
883 3842 932 3896 per
946 3841 994 3882 or·
1045 3821 1171 3894 augelus,
1190 3821 1336 3891 sequitur:

203 3908 265 3965 bem
281 3909 381 3967 dilium
394 3912 583 3970 invirtutibus
598 3915 687 3981 lloret,
702 3926 730 3972 et
744 3918 808 3975 illos
819 3918 939 3976 sollicite
954 3920 998 3975 in·
1083 3913 1228 3979 lleoerterc,
1246 3920 1382 3978 reuertere,
1399 3908 1547 3965 Scitantitis
1560 3906 1739 3980 [sulamitish
1749 3923 1837 3963 reuer-

204 4000 338 4070 spicerern
358 4003 406 4075 qui
423 4005 482 4074 jam
495 4007 595 4062 maturi
613 4016 679 4063 sunt
690 4007 725 4064 ad
738 4009 900 4078 perferenda
918 4025 994 4064 mar·
1046 4013 1110 4069 tere,
1128 4012 1265 4069 reuertere,
1278 4010 1306 4056 ut
1319 4001 1470 4056 intueamur
1483 4008 1517 4054 te.

204 4091 283 4163 lyris·
294 4090 437 4151 llaercnin
451 4096 545 4151 omnia
560 4111 687 4167 magnam
700 4099 884 4169 vigilantiam,
896 4110 924 4156 ει
936 4102 994 4156 sot·
1081 4095 1219 4150 Revertens
1237 4093 1272 4150 ad
1291 4102 1337 4149 te:
1357 4090 1411 4151 «Nc
1423 4090 1668 4158 tinreas,invcnisti
1680 4090 1754 4144 enim
1772 4105 1836 4160 gra·

203 4181 384 4251 licitudinem,
395 4194 423 4241 ει
433 4186 610 4244 dilectionem
627 4203 711 4260 quam
724 4189 809 4245 habet
820 4206 885 4262 erga
902 4190 996 4247 Eccle·
1045 4187 1111 4244 tiam
1127 4186 1199 4258 apud
1217 4187 1365 4245 hominum
1387 4184 1465 4257 (bue.
1485 4184 1517 4257 r).
1530 4204 1539 4236 ι
1553 4183 1689 4238 lleoertere
1707 4183 1741 4238 ad
1760 4180 1836 4238 Scri·

204 4273 273 4329 siam
286 4275 495 4333 commendant.
1046 4289 1155 4354 pturas,
1169 4288 1200 4336 ut
1210 4280 1244 4336 de
1255 4278 1409 4351 Scripturis
1424 4292 1486 4347 quoe
1502 4276 1564 4332 dico
1582 4275 1731 4346 intelligas.
1750 4274 1836 4342 «Quia

239 4362 357 4432 Nesrini,
371 4368 463 4423 nrrinm
485 4385 545 4424 ntea
560 4369 728 4426 corrtnrluuit
747 4388 786 4428 me
800 4381 910 4444 propter
923 4391 991 4446 quc·
1010 4369 1032 4425 D
1045 4389 1110 4431 ecce
1122 4372 1262 4444 concipies
1275 4372 1303 4427 in
1315 4379 1405 4438 utero,
1415 4376 1442 4425 et
1453 4368 1544 4441 paries
1557 4366 1670 4435 Filium,
1683 4376 1711 4422 ει
1725 4366 1836 4422 vocabis

203 4455 295 4526 4119111
310 4456 473 4516 1411111141111·
1047 4480 1146 4520 rrotnen
1157 4463 1218 4535 ejus
1233 4461 1395 4521 Emmanuel
1407 4460 1527 4533 (ibidis
1550 4458 1583 4514 Et
1594 4474 1656 4530 quae
1668 4458 1747 4529 priris
1759 4456 1836 4513 luisti

240 4545 279 4607 lta
292 4549 420 4610 Christus
429 4554 505 4611 veuit
517 4556 544 4611 in
558 4571 669 4613 carnem
686 4558 762 4615 etde
777 4574 822 4617 me
841 4560 995 4632 assumpsit
1048 4555 1211 4624 sanantur,
1226 4556 1253 4611 id
1272 4564 1316 4611 est
1326 4553 1435 4624 captiva
1449 4553 1501 4608 sub
1515 4566 1600 4608 onere
1615 4550 1682 4621 legis
1695 4549 1835 4621 (Susiani-

204 4656 327 4712 earuem,
342 4645 409 4703 dicit
434 4645 530 4720 Virgo,
547 4650 594 4707 sed
611 4658 758 4722 numquam
776 4652 884 4709 veniret
896 4653 923 4707 in
939 4668 994 4720 mc,
1047 4650 1081 4707 tis
1095 4649 1169 4705 enim
1193 4649 1298 4718 captiae
1313 4643 1534 4717 interpretatur),
1550 4652 1688 4700 revertere
1703 4641 1737 4698 ad
1751 4640 1835 4694 iiber-

203 4735 302 4790 neseini
327 4737 417 4807 ipsum
439 4740 546 4797 seilicet
564 4749 712 4798 veniturum
731 4742 760 4799 in
785 4758 840 4800 me.
866 4743 994 4799 Sciebam
1047 4751 1130 4798 tatem
1153 4740 1317 4812 evangelicae
1338 4737 1491 4811 dignitatis.
1506 4735 1541 4792 m
1556 4750 1618 4807 quae
1629 4735 1741 4807 ignoras
1751 4732 1835 4803 buius

203 4825 295 4897 ipsum
311 4830 481 4887 nasciturum
502 4834 537 4889 de
553 4834 669 4907 virgine,
685 4835 734 4892 sed
751 4851 806 4907 qua
822 4835 991 4893 nesciebam.
1045 4832 1233 4905 conceptionis
1247 4831 1379 4902 speciem,
1394 4830 1430 4886 ab
1451 4829 1502 4886 hac
1521 4827 1674 4902 ignorantia
1698 4835 1845 4882 revertere·

201 4916 302 4976 urnac
321 4925 453 4994 estquod
474 4926 541 4984 uren
564 4929 661 4985 tactu
684 4927 787 4987 unium
812 4929 877 4996 un,
891 4929 996 4988 sunm
1044 4921 1079 4977 ad
1094 4920 1168 4976 moti
1182 4916 1356 4988 conciliandi
1373 4916 1572 4988 conuitiorum·
1589 4912 1745 4984 «Sutrium
1760 4913 1834 4967 euim

203 5012 947 5092 demenaseiturumantcangeltaduenwmundeet
962 5022 997 5079 ap
1048 5022 1183 5070 «marmus
1212 5010 1386 5081 superveniet
1414 5008 1443 5064 in
1470 5017 1497 5063 ιε
1525 5017 1554 5063 ει
1583 5006 1672 5063 rinus
1698 5004 1834 5061 hitissimi

202 5122 357 5167 sermonem
372 5110 459 5182 ipsius
471 5112 692 5183 angelizdnintc,
707 5112 808 5185 inquit,
817 5129 876 5168 rnen
886 5120 996 5167 contur-
1045 5103 1221 5160 obumbrabit
1231 5101 1280 5157 tibi
1297 5101 1422 5173 tilithi»
1440 5098 1473 5154 lit
1489 5100 1642 5154 intueamur
1654 5108 1678 5153 ιε
1699 5096 1755 5168 39
1778 5113 1835 5151 raon

202 5196 272 5256 insit
283 5217 334 5270 me,
345 5204 412 5274 quia.
425 5204 579 5276 cogitabam
593 5205 684 5278 gualis
701 5213 775 5263 esset
788 5204 841 5262 ista
854 5203 994 5261 salutatio.
1046 5198 1136 5255 solum
1152 5213 1200 5269 per
1218 5193 1362 5252 scientiam
1375 5192 1418 5249 vel
1436 5191 1566 5264 gratiam,
1581 5205 1677 5246 verum
1691 5190 1774 5244 etiarn
1786 5201 1840 5258 per

835 5312 955 5369 VthAE
973 5308 1174 5368 unctiones,

236 5420 324 5481 ”its
347 5425 428 5493 idem,
444 5441 492 5496 pro
516 5424 744 5483 delectationibus
764 5426 842 5482 babet
862 5425 1050 5492 dilcctoribus,
1066 5432 1144 5495 elque
1158 5425 1198 5479 sic
1217 5424 1298 5478 etinnt
1317 5420 1456 5493 ιεριιιιιιιιιι
1479 5430 1530 5475 est.
1559 5418 1582 5453 ’³
1597 5417 1658 5498 lis..
1671 5416 1835 5495 Turnonem

201 5494 262 5550 irleo
276 5495 359 5551 bomo
370 5506 450 5553 natue
464 5512 536 5564 sum,
558 5492 714 5552 i'iilnricnss
728 5505 817 5553 nutem
830 5497 890 5552 sic:
907 5496 1068 5553 humiliatus
1084 5496 1111 5549 in
1125 5494 1268 5566 virginalis
1282 5494 1351 5548 uteri
1367 5491 1497 5546 thalamo.
1521 5488 1606 5547 Μὴ.
1627 5487 1721 5543 Vultur.
1736 5498 1833 5541 estne·

202 5563 309 5623 nirerit.
347 5565 370 5598 ’⁸
387 5564 579 5625 lnraruavcrit.
619 5566 642 5599 '⁸
655 5564 730 5622 idem
741 5583 790 5623 nts.
804 5567 846 5622 hic
860 5568 953 5622 inserit
969 5576 1018 5625 :et
1035 5567 1189 5623 vulneraret
1208 5565 1356 5631 melicum,
1373 5570 1414 5628 ut,
1434 5568 1487 5617 etc.
