3992 6042
265 241 318 301 dii
917 240 1024 299 ALle
1045 240 1089 298 hh
1104 240 1240 299 {NSULVS
1845 240 1908 298 m

265 356 355 429 plaria
367 356 471 426 passim
486 353 578 409 obvia.
594 352 678 421 Sanc,
692 354 721 409 in
732 353 790 410 sola
804 351 976 409 Bibliotheca
992 353 1100 427 collegii
1115 353 1251 409 socioso
1275 351 1402 416 Lorarii,
1417 351 1472 409 duo
1483 352 1584 423 reperi,
1596 363 1705 420 magnae
1716 349 1909 419 antiquitatis,

265 427 359 491 operis
386 426 469 493 liujus
483 425 660 493 ereinploria,
676 439 795 495 quorum
815 425 944 489 alterum,
955 423 1034 479 Alani
1047 440 1148 478 nomon
1173 439 1302 493 expresse
1317 424 1464 479 referebat.
1491 423 1627 487 Tertium,
1643 423 1670 476 iri
1683 418 1854 478 Bibliotheca
1871 421 1908 479 8.

266 496 382 561 bertini,
411 495 640 564 duilonraropoli,
666 495 790 550 auctoris
819 495 883 549 item
913 495 1025 549 nominc
1049 493 1401 563 praesignitirm.Quar·tuin
1419 503 1445 549 ct
1464 494 1604 562 quintum,
1624 490 1909 561 apudctarissimoru

266 567 354 622 virum
379 565 568 619 Balthasnrem
581 563 727 630 heretum,
743 565 910 635 Antuerpite.
925 562 964 618 Es
977 564 1021 620 his
1040 579 1126 619 unuin
1142 572 1225 618 tantm
1237 574 1297 619 erat
1318 564 1501 634 antiquitatis,
1512 573 1542 619 ut
1556 563 1680 618 auctoris
1695 562 1778 616 etiarn
1793 572 1908 619 aetatmn

266 638 410 707 attingere,
431 635 624 689 characterum
643 634 731 690 hirnia
755 635 947 703 persuaderem
963 634 1049 696 aliud,
1063 635 1134 703 quod
1160 634 1240 689 diarii
1254 649 1365 704 quoque
1377 649 1476 688 nomon
1496 634 1654 695 exhibebat,
1666 632 1792 713 nonnihil
1805 648 1909 714 receti·

265 707 329 761 tiuri
346 720 428 759 maim
445 712 600 766 exaratum.
618 714 738 759 attamen
764 705 927 759 venerandae
948 706 1033 759 etiam
1057 705 1240 773 antiquitatis.
1267 703 1410 759 Postrema
1427 704 1485 759 haec
1499 705 1554 759 duo
1566 703 1734 771 exemplaria
1761 717 1823 758 usur
1838 718 1909 760 meo

265 789 398 832 concessa
421 773 542 839 trierim,
558 790 676 844 quorum
699 774 765 829 lima
778 774 943 844 impressum
959 774 1100 844 exemplar
1123 775 1261 843 poliendo,
1276 775 1369 829 nativo
1380 773 1466 829 colori
1479 774 1597 829 restitui.
1616 771 1755 841 imprimis
1768 787 1905 845 namque,

265 843 417 899 summario
429 858 525 898 verum
542 845 664 910 titulum,
677 851 903 914 postremamque
915 845 1041 915 ejusdcm
1057 854 1162 912 partcrn
1184 843 1285 913 injuste
1298 845 1440 915 praecisam
1452 862 1459 909 ;
1476 845 1509 899 ad
1523 844 1592 911 haee,
1605 841 1728 897 auctoris
1741 858 1852 910 nomen,
1870 861 1908 900 ae

265 917 336 968 duaa
354 913 443 982 ipsius
465 915 641 983 praelationes
659 914 781 983 reposui.
806 912 931 983 Insuper,
947 924 976 968 et
991 916 1089 969 merida
1105 913 1236 982 plurima,
1249 915 1351 984 quibus
1370 922 1457 970 totuin
1475 929 1546 984 opus
1561 912 1770 978 obfuscabatur,
1786 914 1904 969 sustuli.

265 983 299 1040 m
314 997 485 1054 quiunquam,
503 985 550 1039 ubi
574 999 673 1040 sensns
688 982 824 1053 permisit,
840 984 918 1049 plura
938 984 1076 1039 hincinde
1090 984 1174 1037 verba
1194 985 1351 1054 reliquerim
1368 1000 1383 1039 a
1399 1000 1466 1040 mss.
1500 983 1695 1054 discrepantia,
1721 983 1777 1038 imo
1805 984 1903 1051 etiam,

265 1053 389 1123 integros
404 1053 572 1123 quandoque
593 1069 701 1120 versus,
726 1060 822 1108 exacte
835 1061 925 1109 tamen
942 1054 970 1108 in
983 1053 1108 1124 margine
1130 1053 1266 1119 inferiori,
1278 1055 1465 1111 diversitatem
1482 1054 1609 1110 lectionis
1625 1053 1767 1120 annotavi,
1784 1054 1838 1109 boc
1853 1070 1904 1109 or-

265 1124 331 1179 dine
345 1141 352 1176 :
367 1124 480 1192 quaudo
492 1132 643 1194 utrumque
656 1140 721 1189 ms,
737 1123 881 1193 exemplar
893 1124 1071 1179 discordabat
1086 1121 1120 1176 ab
1141 1122 1288 1193 impresso,
1300 1124 1417 1196 scripsi;
1434 1141 1486 1180 ms.
1501 1122 1524 1176 it
1537 1141 1543 1176 :
1557 1125 1604 1178 ubi
1618 1122 1708 1178 solutu
1721 1123 1905 1180 discordabat

264 1208 331 1260 ms,
346 1192 583 1262 airtiquissimum,
600 1195 701 1263 posui:
730 1208 783 1248 ms.
796 1192 849 1259 d.;
864 1194 911 1248 ubi
930 1208 996 1249 vero
1019 1191 1168 1256 recentius,
1184 1208 1237 1249 nis.
1260 1192 1294 1249 tt.
1307 1193 1442 1264 Denique,
1459 1193 1573 1264 majoris
1590 1192 1784 1249 illustrationis
1798 1196 1902 1261 gratia,

265 1261 435 1333 marginales
447 1263 550 1333 ubique
567 1263 761 1319 annotationes
778 1263 903 1334 adiunxi.
918 1262 1018 1330 Porro,
1036 1278 1106 1333 opus
1119 1271 1162 1318 est
1173 1265 1310 1320 cruditum
1333 1279 1452 1335 raroque
1466 1266 1595 1320 acumine
1605 1262 1762 1388 praeditum,
1780 1278 1832 1318 neo
1842 1280 1903 1319 non

265 1333 299 1388 ad
311 1346 403 1387 verant
430 1333 560 1402 pietatem
576 1333 701 1403 aliasque
716 1332 832 1389 virtutes
855 1334 989 1388 lectorum
1003 1334 1104 1388 animis
1120 1332 1319 1389 infundendum
1342 1335 1527 1405 aptissimum,
1539 1343 1567 1389 et
1578 1334 1605 1388 ui
1618 1333 1770 1397 iilominus,
1782 1344 1904 1390 venusto

265 1401 360 1472 lepore
384 1402 506 1472 undique
521 1418 688 1473 respersum.
703 1401 781 1469 Quod
801 1404 918 1472 proinde
932 1404 1001 1458 tanti
1016 1404 1082 1458 olini
1103 1401 1167 1458 lecit
1178 1405 1344 1461 venerabilis
1365 1405 1487 1460 Adamas
1498 1404 1532 1459 de
1542 1403 1674 1475 Basseya,
1688 1402 1840 1459 eanonicus
1854 1403 1903 1457 ln-

265 1471 395 1536 sulensis,
407 1471 460 1533 vir,
474 1487 526 1527 sun
541 1482 665 1542 tempore
684 1472 812 1528 doctrina
827 1472 1011 1537 clarissimus,
1024 1474 1071 1543 qui
1093 1473 1168 1528 circa
1182 1488 1286 1528 antrum
1309 1473 1390 1542 redd,
1413 1475 1518 1530 vixisse
1533 1474 1665 1536 creditur,
1679 1483 1709 1528 ut
1724 1472 1791 1527 illud
1805 1473 1902 1542 ipsum

266 1543 348 1597 tersis
365 1549 393 1595 et
408 1536 502 1610 politis
527 1544 654 1598 versibus
671 1542 698 1597 in
711 1543 906 1612 compendium
928 1544 1076 1615 redegerit,
1097 1551 1124 1598 et
1138 1544 1203 1599 hino
1217 1544 1282 1600 ‘inde
1298 1545 1520 1617 digressionibus
1535 1543 1693 1599 moralibus
1714 1542 1902 1611 doctissimis,

264 1610 438 1681 diversisque
451 1612 510 1667 odis
527 1613 718 1682 spiritualibus
732 1612 920 1668 illustraverit.
934 1611 1013 1680 Quod
1026 1628 1097 1683 opus
1107 1617 1224 1695 ipsemet
1238 1615 1412 1687 indigitavit:
1428 1612 1520 1669 Ladas
1534 1614 1601 1668 Acta
1615 1614 1647 1667 de
1661 1613 1905 1682 Basscpa,in1ln·

265 1680 462 1734 ticlaadianam
478 1681 517 1736 ll.
533 1680 657 1737 dioride
673 1681 774 1736 insitio.
796 1681 893 1738 Exstat
906 1698 959 1739 nis.
976 1682 1105 1747 Tornaci,
1120 1686 1334 1739 inmonasterio
1350 1685 1443 1740 Sancti
1456 1684 1576 1748 hiat-tim,
1592 1685 1620 1738 in
1634 1684 1740 1739 dnobus
1760 1684 1904 1752 exempla-

264 1751 356 1816 ribus,
389 1765 508 1819 quorum
537 1752 654 1807 alterum
678 1752 838 1822 aliquandiu
862 1754 933 1821 apud
951 1768 996 1808 me
1012 1754 1105 1808 habui.
1120 1752 1150 1806 ln
1166 1752 1245 1822 cujus
1268 1755 1382 1825 prologo
1393 1755 1430 1810 ita
1444 1755 1567 1823 loquitur
1582 1761 1679 1809 auctor
1694 1772 1702 1810 i
1718 1753 1903 1809 Recreationis

265 1820 384 1888 cojarois
396 1819 493 1874 solatio
513 1822 645 1892 indigens,
657 1831 765 1891 protam
782 1823 957 1892 famosissimi
970 1824 1105 1894 qnondam
1120 1824 1209 1877 viriet
1224 1828 1319 1894 pratia
1341 1825 1505 1891 excellentia,
1527 1825 1649 1895 magistri
1659 1824 1740 1879 Alani
1753 1824 1786 1877 de
1796 1823 1902 1890 insuia,

264 1891 332 1955 adii,
347 1899 376 1943 ot
391 1890 418 1943 in
431 1907 462 1944 eo
478 1890 628 1961 colligerent
643 1893 722 1962 lieres
738 1890 887 1959 odoriferos
903 1901 928 1946 et
944 1892 1103 1963 praedulces,
1119 1902 1174 1950 etc.

300 1960 447 2022 Caeterum,
466 1975 518 2014 cur
530 1962 633 2017 biantis
651 1962 729 2031 operi
741 1976 794 2017 suo
809 1963 1017 2019 Anticlandiani
1041 1978 1141 2019 nomen
1157 1964 1332 2034 imposuerit,
1349 1966 1483 2021 rationem
1499 1965 1572 2021 banc
1591 1964 1670 2020 affert
1682 1962 1803 2020 Thomas
1817 1961 1903 2019 hcm·

264 2039 356 2085 storiis
369 2027 493 2083 ilistoria
506 2028 697 2085 Ecclesiastico
710 2032 800 2097 gentis
813 2031 970 2100 Scotorum,
987 2049 1060 2088 anno
1082 2034 1153 2087 idat
1178 2033 1309 2089 Bononiae
1321 2038 1466 2108 impressa,
1482 2037 1555 2103 qaod
1569 2036 1603 2090 ad
1616 2035 1797 2090 imitationem
1812 2034 1901 2089 Clau·

263 2099 338 2154 diarii
352 2100 487 2168 scripturn
500 2101 546 2167 sit,
563 2115 619 2156 non
630 2115 696 2156 vero
710 2108 808 2156 contra
824 2102 1018 2159 Claudianum.
1032 2104 1188 2170 Quomodo,
1212 2104 1313 2175 inquit,
1333 2105 1476 2162 Ennodius
1491 2105 1646 2162 Ticineusis
1661 2106 1818 2174 episcopus,
1832 2105 1901 2160 duni

265 2170 368 2224 imitari
383 2170 441 2224 vult
454 2169 598 2226 Claudiani
613 2172 795 2244 epigramma,
822 2172 989 2243 epigraphen
1014 2188 1066 2229 suo
1086 2174 1277 2245 epigrammati
1303 2176 1369 2232 iecit
1386 2196 1393 2231 :
1411 2176 1545 2231 hdrersas
1560 2174 1741 2229 Claudianum
1756 2175 1789 2229 de
1804 2174 1896 2229 iloto·

263 2238 398 2294 basileo
416 2240 471 2294 ille.
490 2239 594 2297 Auctor
608 2258 674 2298 vero
693 2242 838 2297 summarii
854 2244 1006 2313 sequentis,
1020 2252 1114 2299 censet
1129 2244 1222 2299 vecari
1240 2245 1494 2313 anticlaudianum,
1518 2246 1625 2301 ratione
1651 2246 1784 2311 materiae,
1808 2246 1900 2314 quia;

263 2325 326 2364 eum
338 2308 507 2390 Claudianus
520 2313 547 2365 iu
559 2311 696 2395 principio
719 2311 763 2366 sui
784 2312 848 2366 libri
870 2312 1028 2368 introducat
1041 2314 1107 2368 vitia
1123 2313 1158 2369 ad
1172 2315 1394 2383 deformandum,
1411 2331 1459 2372 seu
1485 2315 1695 2387 pervertendum
1710 2313 1851 2379 Riilinum,
1870 2315 1902 2369 iu

262 2379 403 2500 giriacipto
417 2378 500 2447 huius
510 2380 573 2435 libri
584 2381 797 2436 introducuntur
808 2382 935 2451 virtutes,
950 2384 985 2437 ad
1000 2383 1175 2439 lorniandum
1200 2386 1339 2441 hominem
1358 2385 1643 2454 bentun1.Prueujus
1658 2385 1776 2440 rationis
1797 2386 1902 2453 majori

275 2463 337 2528 uec,
351 2447 494 2529 sciendum
522 2459 565 2504 est
588 2449 731 2514 liuilnum,
744 2452 771 2503 iri
785 2465 867 2520 quent
886 2451 1056 2509 Claudianus
1070 2463 1151 2523 poeta
1176 2454 1326 2511 invectivas
1341 2472 1406 2513 suas
1417 2456 1538 2526 scripsit,
1550 2455 1636 2510 luisse
1649 2470 1665 2509 a
1680 2453 1836 2509 Theodosio
1852 2469 1901 2510 se·

265 2531 347 2572 inore
363 2527 531 2586 imperatore
542 2518 703 2588 praelectum
718 2521 869 2589 prouinciis
883 2523 988 2593 aliquot
999 2524 1308 2595 orientalibusitnperii,
1321 2542 1371 2597 pro
1383 2528 1466 2582 tutela
1481 2525 1594 2581 ilonorii
1605 2535 1634 2579 et
1645 2524 1756 2580 Arcadii
1765 2525 1900 2579 tiliorum.

269 2584 384 2651 Verum,
401 2602 465 2642 cum
481 2590 559 2659 regui
577 2590 727 2658 cupiditate
738 2590 879 2658 incensus,
891 2592 919 2645 in
935 2593 1074 2663 principes
1088 2609 1155 2650 suos
1169 2609 1244 2649 arma
1261 2599 1437 2667 sumpsisset,
1450 2598 1485 2651 ab
1507 2598 1551 2652 his
1562 2596 1712 2658 devictum,
1736 2595 1838 2650 misere
1848 2611 1901 2665 pe·

262 2657 355 2712 riisse·
371 2656 478 2736 ltaque,
490 2657 662 2715 Claudianus
679 2659 840 2729 tragoediam
859 2663 931 2716 hanc
945 2665 1145 2733 descripturus,
1161 2664 1313 2720 introducit
1331 2666 1432 2722 iuriam
1450 2665 1624 2733 iuiernalem,
1640 2665 1669 2720 in
1681 2665 1801 2721 coneilio
1811 2663 1903 2720 Vitio·

261 2741 324 2807 rum
340 2739 459 2798 graviter
470 2739 683 2799 conquerentem
698 2730 732 2784 dc
744 2743 823 2799 pace,
838 2741 866 2786 et
890 2747 976 2803 regno
1001 2732 1150 2800 Virtutum,
1164 2743 1286 2805 tempore
1297 2735 1444 2793 Theodosii
1468 2736 1651 2807 imperatoris,
1676 2736 1827 2805 incitatque
1837 2750 1902 2791 otn-

262 2811 308 2850 ina
321 2807 348 2851 et
359 2799 466 2867 singula
481 2797 561 2860 Vitia,
573 2798 606 2854 ad
623 2799 699 2869 pacis
711 2800 794 2869 hujus
819 2803 1002 2857 turbationem
1013 2813 1041 2859 et
1054 2802 1191 2859 Virtutum
1204 2806 1404 2876 expulsionem.
1420 2808 1448 2863 td
1461 2807 1534 2878 quod
1547 2807 1605 2862 tleri
1618 2821 1700 2877 posse
1719 2806 1837 2875 judicat,
1849 2821 1903 2876 per

263 2864 406 2947 liuilnum.
420 2869 508 2932 Quem
522 2868 637 2939 proinde
647 2869 756 2924 diversa
772 2871 932 2927 invadentes
945 2871 1027 2941 Vitia,
1041 2873 1120 2930 lacile
1131 2886 1333 2946 expugnarunt,
1347 2886 1374 2932 et
1385 2893 1433 2949 per
1444 2894 1518 2945 euni,
1534 2892 1646 2949 grareui
1661 2877 1899 2946 perturbationem

262 2937 291 2990 in
308 2938 424 3017 imperio
441 2939 626 2995 concitarunt.
639 2937 885 3004 licentiabimus
899 2944 1028 3013 producit
1040 2942 1175 2999 Naturam
1190 2945 1218 3000 in
1231 2948 1348 3002 concilio
1362 2946 1499 3004 Virtutum
1514 2955 1725 3016 conquerentem
1739 2947 1773 3000 de
1782 2947 1901 3001 bomani

262 3020 372 3076 generis
386 3007 591 3076 depravatione,
604 3018 632 3065 et
645 3025 730 3080 reguo
743 3008 881 3067 Vitiorum
897 3028 946 3083 per
960 3017 1120 3070 universum
1140 3016 1234 3072 orbem
1251 3033 1260 3083 ;
1286 3016 1396 3074 decreto
1418 3029 1510 3074 autem
1524 3018 1645 3084 concilii,
1669 3017 1703 3072 ad
1720 3015 1806 3071 bearn
1821 3018 1902 3071 able·

263 3085 344 3146 gutur
357 3074 519 3141 Prudentia,
531 3080 714 3135 sollicitatura
725 3083 894 3137 creationem
911 3084 1032 3140 hominis
1047 3084 1171 3155 perlecti,
1187 3088 1235 3157 qui
1248 3090 1412 3159 expugnatis
1436 3090 1521 3155 iniis,
1545 3088 1661 3142 virtutes
1676 3087 1735 3143 orbi
1760 3088 1899 3142 restituat.

262 3147 339 3227 duae,
355 3151 493 3217 quomodo
508 3159 603 3219 postea
621 3151 796 3221 corruperint,
811 3153 997 3222 pulcherrime
1010 3156 1143 3210 describit
1165 3156 1272 3213 Alanus
1283 3169 1388 3214 noster.
1402 3159 1492 3229 Atque
1508 3160 1574 3213 binc
1588 3167 1673 3227 patet,
1700 3157 1809 3212 ratione
1831 3171 1898 3211 ma·

263 3223 348 3282 tertie,
364 3231 433 3285 opus
454 3220 507 3275 hoc
521 3235 583 3276 esse
601 3224 845 3302 verecontrarium
866 3225 943 3294 operi
966 3224 1122 3291 Claudiani,
1138 3227 1262 3297 adeoque
1293 3239 1368 3283 recte
1390 3230 1483 3285 vocari
1512 3228 1767 3293 Anticlandianum,
1783 3228 1898 3281 tametsi

260 3300 318 3366 quo
332 3287 366 3340 ad
385 3290 498 3342 moduni
515 3292 695 3360 procedendi,
709 3291 867 3361 aliqualiter
881 3296 964 3349 etiam
990 3297 1063 3350 iuter
1074 3311 1104 3351 se
1120 3297 1298 3352 conveniant.
1312 3296 1435 3365 interim,
1448 3308 1476 3354 tu
1490 3298 1589 3355 Lector
1601 3299 1728 3364 candide,
1745 3298 1831 3352 libros
1845 3299 1899 3352 bos

261 3370 284 3408 si
297 3356 339 3410 vel
357 3358 441 3412 semel
457 3368 561 3416 attente
575 3364 665 3433 legere
680 3377 734 3415 uun
750 3365 850 3431 pigeat,
871 3364 1034 3420 eorumdem
1047 3368 1211 3436 elegantiam
1231 3382 1296 3422 mox
1319 3370 1466 3439 percipies,
1483 3370 1663 3439 animumque
1675 3377 1752 3424 tuum
1766 3367 1834 3423 niire
1847 3369 1901 3422 oh·

260 3425 388 3482 loetahis.
407 3425 490 3493 Nam,
504 3440 534 3484 ut
547 3443 621 3488 recte
635 3431 995 3501 adiiotaruntliasilecnses,
1007 3435 1066 3505 qui,
1081 3450 1156 3491 auno
1174 3436 1255 3504 1536,
1276 3436 1329 3493 boc
1344 3439 1435 3509 primo
1451 3440 1637 3510 publicarunt,
1649 3439 1781 3509 singulari
1793 3438 1900 3493 iestivi·

261 3503 317 3550 tate
327 3495 429 3565 lepore,
443 3508 471 3552 et
481 3500 616 3569 elegantia
632 3501 738 3567 praediti
765 3509 842 3565 suut,
872 3516 927 3556 non
954 3505 1079 3560 credibili
1105 3506 1243 3573 doctrina,
1259 3508 1354 3563 ordine
1369 3519 1398 3565 et
1418 3510 1555 3565 brevitate
1569 3510 1783 3582 complectentes
1796 3511 1898 3564 burna·

260 3578 311 3618 nas
322 3564 485 3637 divinasque
500 3582 544 3647 res
561 3583 669 3648 omnes,
685 3571 713 3650 in
728 3570 935 3651 quibusquiris
947 3574 1032 3629 honio
1046 3578 1190 3645 occupari,
1203 3577 1388 3651 meditarique
1401 3579 1493 3649 debet,
1505 3595 1631 3653 quasque
1645 3581 1797 3653 quemlibet
1810 3580 1897 3646 scire,

260 3640 306 3688 atti
326 3642 399 3689 certe
413 3649 462 3704 pet·
471 3650 564 3692 omma
575 3639 720 3707 admirart,
734 3647 762 3695 et
778 3655 919 3713 suspicere
933 3652 1054 3716 oportet.
1070 3644 1146 3702 Vale.

1256 3738 1303 3797 Fr.
1318 3738 1479 3798 Carolusotr
1493 3741 1576 3800 Vtscti
1607 3819 1611 3827 .

1377 3835 1453 3905 prior
1470 3834 1612 3893 Druensis.

259 4001 1881 4035 Ἥ

721 4190 731 4207 ⁴
777 4126 1358 4345 ‘anutcunuumnt

1048 4463 1106 4510 8ῑῦ

577 4601 784 4667 mandabat
805 4603 860 4666 DE
882 4603 1047 4715 olmeto
1072 4607 1159 4671 viril
1177 4609 1273 4672 bont
1294 4612 1347 4674 ΕΤ
1371 4614 1566 4679 PERFECTI

892 4794 1263 4890 subtilitatum

744 4984 793 5051 ,Ex
814 4984 951 5066 antiquo
967 4984 1078 5050 codiee
1094 5003 1156 5051 ms.
1173 4990 1396 5070 desumptum,

652 5146 691 5207 ln
717 5162 779 5226 qao
811 5143 909 5210 claret
937 5149 1074 5229 insignis
1100 5152 1201 5215 totius
1226 5155 1331 5232 operis
1357 5159 1488 5234 peritia.

287 5454 398 5539 Qotoin
416 5459 464 5514 hoc
478 5463 655 5533 opereagititr
676 5465 709 5519 de
732 5473 848 5548 quotam
870 5469 1031 5540 artificibus,
1054 5472 1119 5540 Deo,
1136 5472 1255 5545 Natura,
1271 5477 1403 5547 Fortiana,
1423 5482 1506 5552 Vitio,
1519 5486 1700 5556 primianum
1712 5489 1837 5559 artificis,
1861 5490 1891 5547 id

251 5532 302 5589 est,
317 5524 377 5594 Dei,
389 5540 504 5597 quatuor
523 5543 700 5616 cant-opero:
718 5551 783 5605 opat
799 5553 826 5590 tn
842 5551 939 5620 morte,
952 5557 1017 5610 opas
1029 5545 1057 5596 in
1072 5549 1197 5611 materia,
1209 5562 1275 5618 opas
1295 5552 1323 5604 in
1336 5553 1434 5622 fornia,
1448 5572 1513 5625 opas
1527 5558 1556 5611 iii
1570 5557 1779 5628 gubernationem·
1796 5559 1890 5616 Notit-

252 5606 290 5646 rte
302 5608 371 5661 iero,
388 5598 440 5650 dito
455 5612 467 5680 s·
482 5615 564 5652 uitam
584 5618 610 5656 in
626 5619 694 5685 paro
713 5614 813 5687 tratura
833 5609 1043 5676 cdlttttierttlttttt,
1059 5613 1092 5667 ait
1116 5617 1188 5669 ornm'
1202 5623 1371 5689 corruptione
1388 5624 1515 5694 alienant,
1526 5629 1605 5698 quale
1618 5644 1683 5698 epita
1694 5646 1741 5685 nec
1755 5632 1810 5700 latit
1828 5642 1890 5686 aitte

251 5670 407 5730 pascalem
429 5665 504 5721 alind
518 5683 588 5740 cero,
603 5680 1044 5748 rariocorraptionc,prioratum.·
1059 5682 1083 5738 F
1085 5694 1188 5742 ortanoe
1203 5689 1284 5744 etiam
1304 5691 1379 5747 thio:
1395 5711 1477 5749 annm
1500 5700 1697 5772 prosperitatis,
1712 5699 1828 5755 alteram
1841 5706 1890 5756 ari·
