3992 6042
152 162 212 220 ⁹77
336 201 342 211 -
526 165 787 227 utsttttcttotttts
803 169 990 228 otcttorttttt
1013 171 1136 233 tutot.
1154 207 1189 217 -
1208 177 1277 234 Tott
1292 179 1355 236 Tttt
1715 195 1769 249 ηδ

154 298 221 352 quae
238 282 323 339 turbe
335 283 489 341 iudeorum
511 297 625 356 egerunt
645 297 674 342 ut
692 290 877 345 conturbarer.
892 290 975 351 bin
1027 289 1221 349 Tarrerenotat
1236 310 1318 349 urere.
1334 295 1415 352 Notat
1429 299 1510 355 corda
1531 300 1673 358 huminum
1686 288 1768 362 ilum-¹

154 374 232 428 citur
242 375 375 429 sententia
388 377 482 446 rapida
493 387 519 433 et
530 378 621 432 subito
632 378 718 434 fluetus
728 382 760 433 sd
773 383 884 448 rnatum,
897 384 937 437 vel
989 395 1032 433 ma
1045 381 1187 437 incendere
1203 366 1385 453 peecatorum,
1399 388 1468 442 irride
1479 389 1507 443 in
1518 386 1637 447 fbendo.
1655 412 1662 447 ε

153 466 208 536 qui
220 466 254 521 ad
271 476 376 537 tempus
397 470 491 535 eredit,
511 470 538 526 id
549 480 591 527 est
605 471 632 524 in
651 482 771 542 tempore
782 475 938 532 tentationis
1060 474 1213 546 AEtbiaparrr
1228 479 1379 547 terrasiam
1391 481 1492 549 feruida
1504 485 1599 538 torruit
1615 495 1710 555 astar,

152 557 278 622 recudit,
300 560 370 614 sieut
395 569 500 618 torrens
524 563 578 617 cito
602 565 730 631 siccatur,
745 566 815 621 nude
829 564 936 621 David:
987 564 1111 621 etferror
1124 576 1295 636 peccatorum
1314 570 1432 624 incendit
1441 571 1522 626 corda
1534 573 1686 627 bominum.

154 644 292 717 Dirupiati
306 650 390 719 {antes
405 660 430 704 et
445 660 585 708 torrentes.
602 654 706 709 Dicitur
719 658 838 712 mundus
851 657 936 728 quiin
1025 654 1119 710 Tortor
1133 657 1202 711 idem
1221 657 1348 728 estquod
1363 658 1499 727 apparitor
1515 660 1554 715 ref
1575 660 1699 715 carnifex
1718 660 1764 729 qui

153 740 320 796 rariotlnxu
341 751 398 808 est,
421 743 493 798 uude
510 744 537 798 in
551 743 603 799 lob
621 763 628 800 ε
645 746 880 803 Circumdederunt
898 765 938 804 me
987 762 1050 802 reos
1066 763 1115 817 pro
1133 748 1284 804 malefactis
1306 749 1393 818 punit.
1412 747 1514 804 Dicitur
1535 752 1670 815 diabulus.
1694 751 1767 806 unde

153 829 252 884 salices
265 833 386 886 torrentis
401 873 409 898 ,
424 831 487 902 quia
503 833 625 890 homines
646 834 808 893 infructuosi
830 837 937 893 abonis
988 839 1015 892 in
1032 836 1177 908 Evangelio
1193 855 1200 892 ε
1224 838 1316 895 leatus
1333 840 1455 894 dominat
1467 842 1578 896 tradidit
1589 859 1648 897 eum
1660 843 1767 897 tortori·

152 925 295 996 operibus,
305 926 449 982 mundanis
460 928 862 985 inbaereutescircumdederunt
880 931 938 986 dia·
988 929 1046 995 itta,
1058 932 1236 1002 quoadusque,
1247 942 1299 987 etr.

154 1015 488 1088 betumsuggesrtonous
502 1020 561 1090 ejus
574 1022 739 1078 obedientes.
753 1022 856 1101 Dicitur
868 1024 937 1093 ignis
1025 1018 1118 1089 Tarus,
1133 1022 1250 1093 proprie.
1270 1021 1373 1078 Dicitur
1388 1023 1469 1078 ctiam
1489 1024 1554 1080 unio
1565 1024 1665 1080 Christi
1677 1034 1703 1080 et
1715 1024 1767 1086 Ec·
1846 1064 1850 1073 -

152 1110 325 1181 geliennalis,
342 1109 474 1167 undelob
490 1112 637 1182 :Lapidem
649 1115 804 1186 caliginiaet
816 1117 937 1171 ambram
988 1111 1087 1180 clasiae,
1111 1113 1183 1169 unde
1205 1113 1325 1170 Ecclesia
1344 1124 1420 1171 torus
1441 1116 1632 1173 immaculatus
1657 1118 1765 1173 dicitnr.

153 1203 252 1256 intortis
264 1201 358 1256 diuidit
374 1212 473 1259 tamena
488 1222 504 1259 a
525 1205 621 1276 popula
634 1209 835 1276 perscribant&
852 1219 878 1264 et
893 1224 936 1263 eoa
987 1203 1183 1261 Dicituretium
1196 1207 1303 1276 paleare
1316 1208 1461 1277 pendensi
1476 1207 1546 1263 eollo
1558 1210 1628 1264 tauri

152 1310 222 1365 quar
244 1295 341 1350 ollitas
361 1305 400 1350 ert
418 1312 462 1366 pes
480 1299 578 1368 egentis
596 1298 720 1355 bominis.
736 1299 824 1370 Egens
838 1301 937 1357 dicitur
1025 1296 1105 1353 Tutus
1119 1299 1284 1369 quandoque
1297 1299 1399 1370 colligit
1418 1309 1508 1371 partes
1523 1300 1680 1372 integrales,
1695 1303 1767 1360 unde

153 1385 303 1455 cbristus,
320 1388 366 1458 qui
381 1398 492 1465 propter
506 1405 557 1446 nos
577 1389 665 1448 sacrus
680 1407 797 1463 egenus3
813 1408 860 1462 pes
871 1410 936 1449 san.
987 1385 1085 1458 legitur
1097 1389 1169 1459 qnod
1184 1389 1310 1444 Christus
1324 1398 1410 1445 toturn
1435 1390 1573 1446 frontinum
1588 1406 1685 1446 sanum
1702 1391 1768 1450 fecit

153 1479 194 1533 cti
209 1480 410 1548 praedicatores,
425 1481 526 1551 quibus
548 1484 730 1540 mediantibus
748 1483 821 1540 fama
835 1483 935 1540 Christi
987 1478 1015 1535 iu
1030 1479 1159 1535 Sabbata·
1174 1478 1328 1550 Aliquando
1345 1496 1400 1537 non
1416 1491 1492 1537 notat
1502 1486 1612 1554 partes,
1624 1484 1671 1541 sed
1695 1486 1766 1541 iute-

152 1570 355 1640 perambulavit
376 1572 532 1627 unitersuru
546 1575 650 1629 orbem.
674 1572 757 1647 Lapis
771 1576 895 1648 caliginis
910 1587 937 1633 et
987 1571 1112 1642 gritatem
1129 1571 1225 1637 totins,
1246 1572 1317 1628 unde
1333 1570 1434 1628 dicitnr
1455 1574 1528 1644 quod
1547 1583 1620 1631 totus
1640 1573 1768 1632 Cbristus

154 1664 254 1719 ambra
267 1665 363 1720 mortis
377 1672 441 1719 sum
453 1663 537 1720 ludet
551 1707 559 1734 ,
574 1669 620 1739 qut
636 1670 663 1723 in
678 1669 778 1724 meritis
799 1669 899 1726 dorida
909 1679 937 1726 et
952 1635 973 1691 Β
987 1664 1106 1720 sumitur
1119 1665 1148 1719 iu
1165 1665 1257 1732 altari.
1278 1664 1304 1720 id
1326 1675 1369 1720 est
1385 1666 1499 1736 integer,
1516 1664 1665 1720 seeundum
1685 1682 1766 1738 quam

153 1756 272 1827 caligine
294 1758 454 1826 ignorantiae
471 1771 670 1831 permanentes,
686 1778 700 1816 a
718 1763 818 1832 papatu
829 1772 937 1819 sancio-
987 1757 1213 1828 significationem
1229 1758 1300 1813 solet
1313 1757 1367 1812 diei
1385 1776 1391 1811 z
1414 1755 1481 1812 Tota
1495 1773 1578 1828 eappa
1593 1757 1659 1811 ualet
1675 1758 1767 1828 uiginti

153 1863 217 1903 rum
232 1858 297 1905 sunt
307 1851 386 1906 dirisi
400 1891 408 1916 ,
421 1853 467 1923 qui
482 1852 547 1908 dum
563 1865 726 1923 respuerunt
739 1856 851 1910 verbum
866 1855 935 1923 Dei,
986 1848 1096 1904 ttiidui·
1110 1848 1192 1904 Νθῑθῑ
1206 1864 1423 1919 P⁰f⁵⁰¹¹³mrtt⁰¹¹
1434 1859 1571 1917 naturam,
1587 1851 1658 1906 unde
1676 1859 1769 1906 3110ῑο-

154 1942 272 2010 apostoli
283 1942 316 1997 ad
337 1953 430 2014 gentes
451 1954 515 2000 sunt
528 1945 616 2000 missi.
630 1944 686 2000 ilos
697 1944 805 2000 fudmos
820 1954 935 2014 torrens,
986 1942 1055 1997 ritas
1068 1941 1135 1997 dicit
1148 1940 1221 2011 quod
1236 1942 1263 1995 in
1278 1942 1368 1997 triduo
1382 1941 1507 1998 Christus
1523 1941 1574 1998 fuit
1592 1950 1665 1999 totus
1683 1945 1711 1998 iu
1725 1942 1768 1998 in·

153 2028 183 2083 id
199 2038 241 2083 est
255 2031 413 2100 gehennalis
430 2048 509 2102 poena
522 2034 618 2088 dividit
632 2049 647 2088 a
662 2034 758 2090 beatis.
776 2035 879 2091 Dicitur
892 2037 936 2090 in·
986 2031 1075 2098 ferna,
1093 2048 1147 2088 uon
1169 2041 1269 2099 totnm;
1289 2040 1372 2098 totns,
1393 2033 1517 2103 inquiam,
1530 2034 1557 2088 in
1571 2050 1697 2104 persona,
1720 2035 1768 2091 sed

155 2123 269 2177 nudatio
285 2122 402 2192 Spiritus
414 2126 511 2192 saneti,
531 2126 602 2182 unde
614 2125 666 2182 lob
677 2126 710 2182 de
723 2129 863 2199 hypocrita
878 2129 935 2184 ait:
986 2140 1042 2181 non
1056 2134 1142 2179 totum
1158 2125 1184 2179 in
1197 2134 1313 2195 utraque
1325 2125 1489 2181 substantia.
1505 2123 1619 2179 Ponitur
1632 2125 1766 2196 negative,

156 2212 219 2267 Nan
241 2215 326 2269 videet
343 2217 440 2271 riuales
456 2220 579 2271 torrentia
594 2218 679 2273 anellis
693 2228 718 2274 ct
736 2219 824 2290 buturi
832 2236 843 2284 ,·
855 2220 881 2275 id
895 2231 937 2275 est
986 2215 1059 2270 unde
1074 2214 1224 2270 auctoritas
1240 2215 1308 2269 dicit
1325 2215 1398 2285 quod
1418 2213 1500 2270 Pater
1517 2216 1670 2271 transmisit
1683 2225 1767 2271 totam

154 2320 210 2361 non
224 2308 379 2377 experietur
402 2309 488 2381 gratia
505 2309 622 2379 Spiritus
646 2313 742 2367 sancti.
770 2310 874 2367 Dicitur
890 2312 938 2366 ali·
987 2308 1168 2363 substantiam
1181 2307 1208 2360 in
1223 2306 1334 2372 Filium,
1348 2317 1375 2361 et
1390 2308 1442 2363 boc
1455 2307 1522 2362 dicit
1534 2315 1628 2363 contra
1640 2322 1768 2379 corpora·

153 2403 218 2472 quis
242 2401 357 2471 diligens
370 2402 548 2469 transitoria;
573 2405 644 2459 unde
665 2403 716 2459 lob
731 2423 738 2459 z
755 2403 864 2460 Fratres
885 2407 936 2460 mei
986 2397 1039 2453 fem
1058 2400 1282 2469 {reiterationem
1301 2398 1328 2453 in
1341 2399 1478 2470 collidisti
1497 2398 1580 2470 igilur
1595 2402 1768 2472 teuerufiuuu

153 2493 338 2561 preterierunt
360 2493 429 2545 strar
450 2502 559 2547 torrear.
584 2492 684 2549 Dicitur
706 2495 836 2552 fluentum
851 2512 936 2553 sacrae
986 2504 1034 2559 per
1051 2490 1217 2546 decisionem
1236 2490 1393 2546 substantia
1411 2488 1502 2545 Patris
1517 2492 1712 2547 transmittitur
1732 2493 1767 2548 ad

155 2579 314 2655 Scriptura,
335 2584 407 2638 unde
430 2583 558 2641 Salomon
577 2604 584 2640 ε
603 2586 656 2651 Qui
677 2590 822 2643 subsannat
834 2601 936 2661 patrem
985 2581 1084 2637 Filium
1094 2589 1173 2647 ti¹¹⁰¹¹
1188 2582 1324 2636 enimtota
1337 2581 1491 2637 substantia
1503 2590 1545 2637 0⁸¹
1557 2581 1630 2650 Filii,
1645 2584 1690 2638 sed
1705 2598 1769 2654 Pil·

154 2683 267 2728 suamet
279 2673 388 2744 despicit
410 2680 516 2744 partam
531 2680 626 2732 matris
643 2695 719 2747 rere,
739 2682 865 2751 apodians
876 2700 935 2738 eum
986 2673 1079 2729 ticula.
1093 2672 1121 2728 ln
1134 2682 1235 2727 aeterna
1250 2688 1314 2727 vero
1330 2673 1514 2743 generatione,
1529 2672 1569 2728 sic
1581 2672 1662 2728 Pater
1674 2675 1768 2744 gennit

154 2766 225 2820 aurai
239 2766 271 2819 de
293 2768 460 2821 torrentibus.
486 2767 608 2834 Perrersi
632 2772 731 2842 qnippe
754 2775 819 2829 dum
843 2775 934 2830 diuina
985 2765 1391 2840 Filium‚quiatotasnbstautia
1406 2764 1495 2820 Patris
1510 2764 1768 2821 estsnbstantiaFi·

151 2856 255 2926 judicia
271 2858 483 2926 reprehendunt,
501 2861 672 2915 subsannant
686 2872 807 2931 patrem,
830 2873 857 2919 et
870 2866 934 2921 dum
985 2859 1025 2924 lii,
1035 2874 1089 2914 uuo
1104 2858 1333 2930 perdeeisionem,
1347 2856 1395 2912 sed
1408 2871 1456 2926 per
1467 2854 1673 2926 plenitudinem.
1688 2855 1769 2910 Notat

154 2956 255 3002 sancte
276 2947 404 3004 Ecclesiae
423 2949 670 3022 fecunditatemque
696 2954 768 3009 iltius
789 2954 936 3011 deridendo
949 2968 971 3030 c
986 2949 1056 3006 duas
1076 2965 1207 3020 personas
1228 2948 1327 3004 Filium
1351 2956 1379 3004 ct
1400 2946 1531 3018 Spiritum
1556 2956 1693 3014 sanctum,
1717 2964 1770 3003 nn·

154 3050 353 3110 corrumpunt,
388 3042 468 3111 qttasi
496 3051 603 3113 partum
640 3046 734 3100 matris
772 3045 934 3117 despiciunt.
987 3047 1022 3103 de
1035 3043 1184 3100 auctoritas
1198 3042 1264 3099 dicit
1275 3041 1349 3112 quod
1360 3040 1439 3096 Pater
1453 3050 1495 3096 est
1506 3040 1669 3112 principium
1686 3039 1769 3095 totins

154 3128 208 3186 Sed
232 3134 306 3187 carri
320 3132 354 3188 de
375 3134 540 3188 torrentibus
556 3135 666 3190 terrinnt
681 3178 688 3203 ,
702 3152 765 3192 eum
779 3138 938 3207 predicato·
986 3136 1149 3201 diuinitatis,
1162 3135 1187 3190 id
1203 3142 1246 3189 est
1260 3133 1321 3188 Filii
1336 3140 1364 3188 et
1376 3131 1494 3202 Spiritus
1509 3137 1608 3197 sancd,
1625 3130 1652 3185 in
1667 3132 1767 3201 quibus

155 3239 199 3279 res
213 3232 314 3279 sancte
338 3223 465 3279 Ecclesiae
480 3241 495 3279 a
511 3240 588 3280 saera
610 3225 750 3297 Scriptura
773 3240 874 3284 sancte
885 3231 937 3285 do·
986 3229 1114 3285 consistit
1125 3237 1181 3282 tota
1193 3225 1334 3281 diuinitas.

154 3317 248 3372 ctriure
268 3316 370 3371 tinente
396 3316 559 3385 producunt.
579 3317 631 3384 Qui
648 3328 721 3374 reete
745 3320 819 3375 corvi
840 3320 938 3377 dieun-
1024 3320 1126 3376 Trabea
1140 3318 1240 3375 dieitur
1259 3317 1343 3373 restis
1356 3331 1410 3386 qua
1427 3313 1574 3370 utebantur
1593 3312 1698 3367 nobiles
1714 3309 1768 3367 tto·
1791 3372 1792 3378 χ

154 3412 209 3469 tnr,
226 3407 290 3475 qnia
303 3421 351 3475 per
363 3394 524 3463 humilitatis
538 3409 653 3478 gratiam
671 3420 844 3479 peccatorum
865 3412 891 3466 in
907 3427 936 3468 se
986 3427 1143 3468 manorum.
1164 3412 1268 3467 Dicitur
1288 3423 1353 3465 caro
1374 3406 1506 3463 Cbristia
1523 3412 1635 3476 peceato
1655 3405 1766 3461 munda.

154 3492 321 3562 nigredinem
345 3498 517 3550 confitentur.
538 3496 590 3564 Qui
619 3498 722 3554 scilicet
744 3501 936 3558 subsannantis
986 3503 1042 3561 Leo
1059 3519 1130 3575 papa
1144 3503 1211 3560 dicit
1222 3501 1322 3559 Filium
1338 3500 1461 3555 indutum
1480 3497 1575 3554 trabea
1589 3497 1691 3553 caratis.

155 3587 263 3641 oculum
274 3585 488 3658 effodiunt,quia
499 3602 644 3658 pravorum
656 3592 795 3646 hominnm
807 3593 937 3649 intentio·
1023 3594 1130 3651 Trabea.
1158 3595 1269 3666 Proprie
1290 3594 1390 3649 dicitur
1411 3605 1493 3662 gram
1516 3601 1669 3660 peccatum,
1697 3586 1772 3642 undo

155 3694 216 3734 nern
239 3678 361 3733 vineunt.
379 3679 481 3735 Dicitur
496 3682 638 3738 hereticus
650 3725 658 3749 ,
674 3685 746 3739 unde
760 3683 812 3740 fult
826 3687 860 3741 de
879 3687 936 3741 bar·
986 3687 1138 3744 Dominus:
1166 3686 1240 3758 Ejiee
1253 3688 1326 3756 priua
1339 3685 1441 3740 trabem
1466 3684 1497 3738 da
1509 3682 1582 3736 uculo
1594 3689 1649 3745 tao,
1662 3687 1769 3750 etpost-

144 3772 294 3827 'ritieorum
309 3774 472 3840 sequacibus
486 3774 602 3845 loquens
615 3816 623 3841 ,
638 3776 676 3830 ait
695 3794 701 3830 :
719 3773 752 3830 fra
762 3778 872 3831 desertis
888 3778 936 3831 tra·
985 3797 1018 3836 ea
1030 3780 1096 3850 ejice
1115 3779 1241 3849 festucam
1256 3778 1288 3832 de
1313 3776 1388 3831 acuto
1409 3776 1502 3846 {ratris
1520 3775 1569 3838 tui,
1585 3773 1612 3827 id
1628 3781 1671 3828 est
1692 3771 1774 3842 prius.

155 3862 239 3916 oitaut
262 3864 428 3918 torrentium.
445 3864 592 3921 Torrentes
616 3866 733 3922 dicimus
745 3868 818 3923 rivos
840 3869 886 3938 qni
901 3867 936 3923 ab
986 3887 1072 3943 purga
1084 3880 1109 3925 tc
1121 3869 1242 3941 amajori
1255 3875 1369 3939 peccato
1383 3881 1465 3937 quam
1480 3864 1611 3935 corripias
1625 3863 1708 3919 alium
1719 3862 1771 3917 ba-

156 3956 234 4026 aquis
255 3944 417 4014 hiemalibus
430 3957 614 4028 colliguntur,
629 3959 676 4030 qni
694 3960 812 4015 etcertis
829 3971 934 4033 tempo·
987 3962 1099 4018 minem.

155 4050 229 4106 ribus
250 4060 392 4117 arescunt3
412 4052 475 4122 jure
497 4052 589 4124 itaque
610 4053 764 4109 inventores
788 4070 934 4124 pratorum
1025 4056 1150 4125 Tradere,
1163 4055 1281 4126 proprie.
1298 4051 1379 4111 Notat
1398 4053 1515 4123 prodere,
1535 4050 1607 4105 unde
1623 4047 1723 4119 legitur
1738 4046 1768 4102 in

156 4142 311 4213 dogmatum
336 4153 470 4200 torrentes
484 4155 617 4199 uocantur
630 4187 638 4211 ,
653 4146 716 4216 quia
731 4163 745 4201 a
762 4147 851 4203 calore
867 4149 934 4204 aba·
989 4150 1136 4222 Evangelio
1154 4149 1189 4205 de
1218 4145 1287 4204 duda
1307 4147 1378 4218 quod
1396 4143 1526 4217 querebat
1546 4141 1768 4213 opportunitatem

156 4234 242 4289 ritatis
258 4234 359 4305 frigidi,
375 4236 453 4306 quasi
476 4237 503 4290 in
525 4247 634 4308 torpore
656 4240 785 4308 temporis
810 4240 933 4296 hiemalis
986 4254 1015 4299 at
1029 4243 1144 4297 traderet
1158 4241 1251 4296 desunt
1271 4240 1327 4292 aina
1344 4238 1437 4293 turbis.
1453 4235 1532 4291 Notat
1546 4233 1698 4304 permittere
1712 4240 1768 4285 tra·

156 4337 323 4382 excrescunt.
340 4325 374 4382 lii
395 4344 460 4398 ergo
485 4329 532 4399 qui
560 4331 667 4385 illorum
692 4342 843 4400 sequuntur
857 4347 933 4387 erro·
950 4307 972 4362 ὓ
985 4335 1024 4401 di,
1040 4335 1111 4390 unde
1127 4353 1134 4389 :
1149 4333 1261 4404 Propter
1273 4331 1342 4402 quad
1359 4328 1471 4385 tradidit
1484 4326 1544 4380 ilios
1556 4322 1626 4378 Deus
1637 4324 1664 4413 ira
1679 4338 1767 4391 repra·

156 4434 210 4474 rem
224 4463 231 4486 ,
245 4421 272 4475 in
288 4420 399 4474 desertis
420 4421 542 4477 babitaret
554 4424 728 4487 torrentium,
743 4423 769 4477 id
784 4433 825 4478 est
847 4423 873 4478 in
887 4439 933 4478 eo-
986 4431 1047 4485 bum
1065 4446 1179 4486 serrum,
1199 4426 1281 4483 Notat
1298 4440 1435 4496 exportare,
1458 4421 1530 4478 unde
1548 4419 1582 4474 de
1602 4417 1767 4489 martyribus

155 4529 212 4568 rum
241 4513 432 4582 predicatione
456 4513 597 4569 conlidunt
609 4556 617 4582 ,
631 4529 747 4585 qnorum
771 4515 877 4586 eloquia
889 4531 932 4571 ea·
984 4523 1092 4578 canitur
1106 4539 1113 4576 ε
1130 4519 1308 4575 Tradidcrunt
1322 4532 1433 4586 corpora
1444 4530 1503 4570 saa.

157 4605 319 4661 tlroiicorum
344 4605 449 4660 ratione
477 4604 577 4660 siccata
602 4614 675 4661 sunt.
689 4604 792 4662 Dicitur
804 4607 934 4677 praedica-
1022 4612 1139 4677 Taedae,
1161 4611 1349 4682 propr-leiirga
1362 4623 1422 4679 qum
1442 4606 1599 4678 producitur
1614 4605 1649 4661 ab
1660 4602 1765 4659 arbore.

158 4704 207 4763 tor,
222 4698 280 4767 qni,
296 4698 361 4753 dum
377 4698 404 4752 in
419 4700 546 4769 praesenti
561 4699 660 4756 diuinis
672 4700 788 4770 eloqtriis
799 4701 878 4757 nobis
892 4703 934 4757 in·
985 4708 1089 4762 Dicitur
1107 4702 1241 4778 [camier
1253 4718 1308 4773 qua
1319 4700 1372 4757 aliu
1386 4714 1451 4756 earo
1462 4699 1630 4770 producitur,
1651 4695 1722 4751 aride
1738 4694 1766 4745 in

156 4787 222 4856 ituit,
239 4790 440 4846 multitudinem
452 4807 585 4862 aquarum
600 4794 678 4863 quasi
692 4794 782 4848 bieme
797 4794 932 4861 inundat;
985 4799 1107 4855 Sebelaci
1122 4797 1185 4852 bisi.
1201 4796 1298 4867 legitur
1315 4794 1389 4864 grrod
1416 4806 1515 4862 corpus
1541 4791 1692 4846 humanum
1725 4789 1768 4838 est

158 4883 201 4951 qni
212 4891 239 4936 et
248 4884 342 4939 aestiuo
355 4886 412 4941 sole
426 4886 585 4953 adveniente
598 4887 780 4953 sesubtrabit‚
789 4888 934 4957 quia,cunr
983 4908 1016 4946 ex
1029 4890 1150 4951 traduce,
1161 4887 1239 4941 idest
1251 4901 1284 4940 ex
1300 4886 1354 4939 alio
1362 4884 1520 4939 traducitur.

158 4986 254 5030 aeterna
269 4979 362 5046 patriae
377 4980 424 5035 iux
437 4980 560 5047 emicuit,
574 4981 722 5050 praedicare
739 4984 865 5039 cessarit.
876 4981 933 5039 iiu—
1022 4981 1145 5045 Traicere,
1163 4979 1280 5050 proprie.
1291 4976 1373 5032 Notat
1387 4976 1468 5031 etiam
1483 4972 1597 5045 gratiam
1617 4967 1763 5038 infundere,

157 5067 198 5137 jus
216 5069 343 5124 torrentis
354 5070 459 5125 deserta
481 5080 546 5128 suut
570 5073 630 5127 vite
643 5074 800 5143 temporalis
810 5090 934 5131 commo·
984 5072 1209 5131 unchomious:
1220 5068 1426 5135 Nemaueniiad
1437 5082 1476 5119 rne
1487 5061 1624 5118 raisiPater
1634 5076 1704 5114 arreni
1713 5069 1766 5113 tra·

158 5164 188 5217 da
200 5206 207 5229 ,
221 5177 253 5215 ea
268 5177 386 5232 namque
397 5163 465 5232 insti
487 5167 616 5220 deserunt
629 5175 655 5220 et
675 5166 708 5220 ad
723 5167 799 5221 luera
811 5182 841 5222 se
851 5169 934 5222 cmlc·
983 5170 1053 5225 ecrit
1062 5183 1132 5222 eom.
1141 5164 1220 5222 Notat
1235 5167 1399 5227 eorttirauare,
1411 5157 1482 5214 uude
1490 5154 1588 5211 isaias:
1601 5151 1646 5208 Vc
1655 5153 1700 5224 qni
1712 5163 1767 5205 tra·

159 5258 205 5312 stia
219 5265 381 5311 corruertunt
391 5258 573 5327 adipiscenda.
591 5261 643 5318 Sed
671 5263 747 5332 pravi
776 5278 807 5316 ea
823 5262 875 5317 hac
889 5266 932 5319 ri·
984 5268 1048 5322 tritis
1060 5266 1224 5337 iniquitatem
1239 5266 1267 5318 in
1282 5259 1408 5333 (unientis
1423 5254 1582 5326 iniqnitatis.
1601 5252 1684 5308 Notat
1703 5252 1764 5305 urri-

158 5358 182 5404 ta
196 5350 309 5419 adipisci
325 5359 455 5422 appetunt
478 5369 539 5423 quae
564 5357 745 5425 despicientes
768 5357 836 5427 justi
855 5359 935 5413 dere-
985 5377 1023 5424 re,
1037 5360 1107 5414 ntrde
1121 5356 1274 5413 Dominus:
1294 5352 1358 5424 Epo,
1375 5352 1399 5406 si
1413 5348 1547 5403 exaltatas
1563 5347 1636 5418 [nero
1650 5362 1667 5399 a
1680 5353 1762 5410 terra,

158 5444 298 5512 linquunt,
313 5453 340 5498 et
366 5444 427 5499 ideo
443 5445 469 5499 in
494 5448 609 5503 desertis
625 5450 785 5504 torrentium
812 5448 935 5504 lrabitare
985 5454 1074 5508 anania
1088 5453 1190 5506 tratrem
1205 5451 1239 5504 ad
1251 5465 1300 5511 me,
1314 5448 1340 5501 id
1356 5453 1399 5501 est
1412 5444 1519 5512 aliquos
1531 5443 1565 5498 de
1579 5440 1653 5496 omni
1666 5453 1764 5511 genere

159 5537 302 5603 dicuntur,
324 5545 352 5591 et
364 5537 513 5593 seeundum
537 5539 588 5593 boc
601 5542 700 5609 exponi
718 5552 805 5611 potest
822 5542 935 5599 lraeean·
985 5545 1125 5601 frontinum
1142 5543 1236 5598 urriani
1249 5538 1314 5593 nrilti
1331 5536 1515 5608 pergratiam.

160 5631 265 5691 ctoritas
284 5629 336 5686 :ln
351 5631 460 5687 desertis
477 5631 597 5687 tritten
613 5636 767 5690 torrentium
1023 5637 1231 5701 Transdiermre,
1252 5633 1362 5688 alterins
1372 5627 1487 5686 termam
1501 5627 1541 5683 tel
1557 5622 1765 5683 similitudintssi
