3992 6042
234 197 292 264 'ttr

233 414 393 486 praesentia,
408 430 475 471 merc
494 416 590 470 umbra
616 404 792 473 mortalitatis
806 418 946 488 expalluit,
965 421 1032 477 siin

237 515 321 563 tautae
344 506 498 578 majestatis
523 506 647 575 meridia,
663 524 731 564 mete
746 509 922 566 discretionis
938 512 1032 566 radin·

237 598 323 657 lusio
340 613 481 669 vesperem
500 597 711 655 exorbitationis
727 605 857 672 erarruit;
874 605 896 661 si
909 605 937 660 iu
950 614 1033 660 tautre

238 692 377 749 felicitatis
393 691 565 762 apparentia,
589 680 649 748 mea
675 694 797 763 paruitas
820 699 940 766 erubuit,
967 714 1032 754 cum

238 786 366 841 humanae
392 782 549 854 fragilitatis
574 783 734 855 ignorantiae
758 788 903 844 tenebrosa
932 789 1030 859 caligo,

237 873 429 930 admirationis
452 874 588 945 impotens
609 874 756 943 hebetudo,
773 876 957 949 frequensque
972 888 1032 933 stu·

236 964 312 1035 poris
333 965 492 1033 concussio,
506 967 626 1036 quodam
651 969 842 1036 germanitatis
864 969 966 1025 loedrrre
984 985 1032 1025 so-

235 1059 355 1126 cientur,
369 1068 447 1135 utex
465 1062 563 1118 horum
579 1062 706 1119 sociabili
718 1063 912 1131 contubernio,
931 1063 1031 1118 huma·-

237 1166 280 1206 nse
297 1159 403 1222 araturae
420 1150 556 1224 fragilitas
578 1153 615 1209 sit
635 1155 717 1224 quasi
739 1153 893 1224 discipulus
917 1154 1033 1209 adisci-

236 1243 359 1315 plioautc
379 1246 526 1302 cortricuts
544 1261 660 1304 suorum
684 1261 776 1304 mores
791 1234 969 1309 informante,
983 1245 1032 1317 qui

237 1336 265 1389 in
289 1351 425 1391 novorum
454 1337 602 1408 primitiis,
627 1337 655 1393 in
676 1352 840 1410 magnorum
863 1338 1031 1408 stipendiis,

237 1427 320 1483 etiam
347 1429 503 1500 ignorantia
529 1430 676 1498 nrtebrari,
692 1441 719 1487 et
744 1438 857 1501 stupore
870 1428 988 1501 percuti,
1004 1437 1032 1484 et

237 1519 421 1577 admiratione
441 1535 514 1591 saepe
532 1507 602 1578 solet
616 1522 764 1578 uulnerari.
786 1520 858 1577 uum
875 1520 933 1581 hac
946 1536 1032 1575 excu-

237 1613 343 1668 satione
353 1611 397 1668 via
409 1612 509 1685 reginae
521 1613 623 1670 aditum
640 1614 706 1673 mihi
718 1621 833 1686 pararet,
841 1608 1030 1679 favorabilem,

236 1701 351 1772 ejusque
379 1703 495 1774 gratiam
525 1705 705 1763 favorabilius
728 1713 890 1774 mereretur,
919 1705 1031 1775 iusuper

237 1788 341 1863 majora
358 1795 488 1851 autliendi
503 1796 571 1852 mihi
587 1806 761 1868 compararet
781 1798 919 1863 dduciam,
936 1797 1032 1868 cuijus·

236 1884 300 1940 dam
319 1901 386 1941 meae
403 1887 584 1945 dubitationis
599 1887 771 1958 ambiguum,
785 1889 860 1961 quod
873 1887 967 1945 nimiae
989 1888 1032 1942 in·

236 1977 415 2049 quietatiouis
430 1981 550 2051 impulso
573 1997 641 2038 meae
659 1982 760 2039 meotis
774 1980 959 2039 conturbabat
978 1982 1030 2036 ho·

237 2069 361 2141 spitium,
377 2072 438 2142 ejus
447 2088 589 2146 exponens
600 2073 733 2143 examini,
745 2072 775 2128 iu
790 2073 848 2133 haec
861 2070 945 2130 rerba
955 2076 1045 2142 quae·'

237 2162 336 2220 ationis
349 2163 423 2221 exiri
439 2183 447 2221 z
492 2218 495 2223 ,

445 2254 530 2311 Verte
546 2255 626 2313 dirui
636 2258 671 2315 ad
685 2266 823 2314 naturum.

342 2346 426 2403 Ollri
443 2349 545 2427 proles,
561 2351 733 2421 genitrixque
749 2365 852 2412 rerum,

347 2436 495 2497 Viucrrlum
511 2443 619 2509 muudi,
633 2443 795 2513 stabilisque
807 2455 906 2508 nexus,

348 2529 457 2587 Jenrnxa
473 2532 599 2600 terrenis,
614 2534 758 2603 specuium
772 2532 895 2599 caducis,

486 2623 598 2680 Lucifer
612 2624 699 2681 orbis.

342 2714 411 2781 Pax,
427 2732 515 2782 amor,
529 2717 628 2783 uirtus,
644 2715 778 2788 regimen,
791 2725 924 2788 potestas,

344 2806 428 2875 Ordo,
444 2809 498 2872 lex,
514 2807 587 2876 linis,
604 2808 659 2876 via,
672 2807 740 2876 «lux,
756 2808 846 2880 origo,

346 2904 420 2970 Vita,
432 2906 489 2973 lux,
505 2906 645 2975 splendor,
662 2904 777 2976 species,
789 2894 877 2981 ligura

486 2996 590 3068 Regula
603 2996 708 3053 muudi.

344 3087 411 3156 Quae
424 3089 480 3145 tuis
496 3088 628 3144 mundum
642 3089 769 3146 moderas
783 3089 910 3160 habenis,

343 3180 449 3239 Cuncta
468 3180 597 3241 concordi
611 3180 731 3237 stabilita
746 3180 819 3237 nodo

342 3270 436 3330 Noctis
448 3282 476 3329 et
488 3273 564 3344 pacis
576 3273 683 3345 glotino
694 3272 809 3333 maritas

485 3365 589 3427 (italica
602 3367 693 3425 terris.

343 3457 411 3525 Quae
424 3474 492 3531 noys
506 3457 588 3531 [νοῦς]
602 3458 695 3529 plures
712 3458 837 3515 recolens
848 3458 925 3517 ideas

344 3546 476 3619 Singulas
489 3564 580 3603 rerum
593 3548 699 3618 species
715 3556 873 3613 monetans,

343 3634 398 3697 ltu
416 3638 619 3709 togasformis,
635 3639 857 3713 chlamidemque
880 3638 979 3699 forme

485 3728 586 3786 Pollice
599 3729 712 3787 forratas.

342 3820 394 3880 Cui
410 3822 484 3879 taret
497 3822 609 3888 coelum.
624 3823 774 3880 famulator
784 3839 842 3892 aer,

344 3914 435 3983 Quam
446 3914 513 3973 colit
523 3914 627 3983 Tellus,
643 3927 790 3974 ueneratur
802 3917 887 3986 unda,

340 4004 394 4063 {lui
412 4005 487 4061 velut
501 4004 594 4060 mundi
609 4006 739 4073 dominae,
753 4007 889 4063 tributum

486 4094 600 4167 Singula
618 4097 745 4163 soluunt.⁴

265 4176 284 4245 ’,
341 4184 411 4255 Quae
423 4186 496 4255 diem
509 4187 584 4245 nocti
600 4188 707 4245 vicibus
722 4200 853 4261 catenans
904 4203 908 4213 ·

341 4279 461 4343 Gereum
474 4281 542 4337 solis
558 4281 659 4337 tribuis
671 4281 737 4349 dici,

341 4371 447 4437 huctdo
460 4373 532 4431 lunae
548 4374 661 4444 speculo
675 4390 809 4447 soporans

470 4465 584 4527 ⁴liubila
600 4468 699 4525 noctis.

342 4556 410 4625 erae
420 4559 513 4629 polum
528 4560 615 4616 stellis
631 4560 715 4627 uariis
731 4563 852 4636 inauras,

343 4647 467 4715 AEtlxeris
479 4651 566 4706 nostrl
580 4652 682 4708 solium
697 4668 829 4711 serenans

345 4740 473 4799 Siderum
491 4743 616 4815 gemmis,
632 4745 767 4817 varioque
779 4747 882 4804 coeluux

485 4833 570 4893 llilitc
580 4839 732 4909 complens.

345 4923 416 4997 Quae
426 4926 506 4984 uotis
523 4929 585 4985 ooeli
600 4928 809 5004 laciemdguris

342 5015 497 5077 Producam
509 5029 602 5077 mutas
617 5022 783 5097 aridumque
795 5022 895 5100 uulgus

340 5109 422 5168 beris
433 5113 522 5169 nostri
537 5113 649 5185 regione
664 5114 783 5186 donans,
890 5168 893 5175 .

485 5204 611 5279 begeque
626 5208 748 5281 stringis.

342 5295 430 5367 Cuius
442 5298 477 5354 ad
492 5308 589 5355 uotum
602 5300 758 5370 juvenescit
769 5302 867 5375 orbis,

345 5386 421 5455 silva
435 5391 573 5461 crispatur
587 5391 646 5451 folii
658 5395 769 5466 capillo,

347 5481 381 5538 lit
393 5492 440 5539 tua
452 5484 552 5543 dorum
565 5486 687 5544 tunicata
701 5497 789 5557 reste,

277 5687 301 5722 ”
317 5686 526 5751 eruderatum.
565 5695 589 5731 ⁸⁰
608 5654 779 5771 lmpudice).¹¹
812 5696 834 5731 ⁸¹
852 5695 1005 5756 circuiens.

897 206 1001 265 ataui
1021 208 1064 265 ott
1083 208 1220 269 iustitis

234 322 333 381 dicens
353 337 409 380 uon
424 336 488 383 esse
510 321 677 391 mirandum,
691 323 715 380 si
740 324 770 380 lo
792 333 877 381 tautae
891 326 1070 399 diguitatish

1329 326 1414 382 Terra
1428 325 1563 401 superbit.

1190 418 1257 488 Qua
1276 420 1366 475 mittas
1379 418 1455 489 ponti
1473 417 1583 486 sepelis,
1596 423 1623 471 et
1636 429 1732 485 auges,

1190 512 1352 585 Syttcopaus
1369 528 1481 568 cursum
1496 509 1584 582 pelagi
1598 505 1685 563 iurort

1186 600 1226 658 Ne
1241 603 1292 658 soli
1306 612 1423 658 tractum
1439 603 1575 656 tumulare
1590 598 1678 669 possit

1335 693 1466 764 AEqooris
1478 701 1573 747 aestus.

1320 789 1400 842 Alani
1414 789 1499 858 prixuu
1513 787 1625 858 quoestio

1191 881 1234 937 'lu
1249 882 1300 938 rie
1313 896 1425 936 causam
1440 895 1531 935 resera
1547 879 1660 951 petenti,

1188 973 1244 1028 Cur
1255 972 1323 1042 petis
1339 980 1436 1035 terras,
1450 970 1591 1041 peregrina
1606 968 1703 1036 coelisl

1189 1062 1245 1119 Gur
1259 1048 1312 1118 tuae
1324 1060 1426 1117 nostris
1439 1060 1549 1115 deitatis
1563 1057 1645 1116 offers

1330 1155 1443 1211 llouera
1459 1156 1558 1210 terris?

1349 1249 1467 1313 Quaestio
1483 1249 1607 1304 secunda.

1186 1340 1242 1399 Ora
1256 1357 1306 1398 cur
1317 1340 1396 1397 fletus
1412 1340 1502 1412 pluria
1515 1341 1655 1412 riganturl

1187 1434 1258 1504 Quid
1271 1435 1310 1491 tui
1325 1435 1416 1489 uultus
1427 1433 1555 1505 lacrymae
1570 1435 1751 1503 prophetant?

1188 1527 1282 1584 Fletus
1311 1525 1411 1582 interni
1427 1524 1495 1582 satis
1509 1534 1552 1581 est
1566 1523 1670 1581 doloris

1330 1618 1433 1689 Lingua
1450 1618 1548 1673 fidelis.

1372 1710 1452 1763 llutfo
1467 1720 1580 1766 nutrtrte.

1118 1794 1234 1860 Praelata
1248 1801 1332 1873 igitur
1345 1800 1424 1871 uirgo
1440 1800 1522 1869 liuius
1534 1797 1693 1869 questionis
1708 1798 1873 1856 solutionem

1082 1896 1111 1952 iu
1125 1894 1263 1951 vestibulo
1280 1892 1416 1948 excubare
1428 1890 1633 1957 demonstrans,
1654 1891 1692 1945 ait
1713 1909 1720 1945 ε
1740 1892 1780 1946 du
1796 1894 1875 1964 igno-

1082 2004 1139 2056 ras,
1157 1985 1231 2058 quod
1251 1985 1352 2042 terreni
1369 1984 1444 2039 orbis
1462 1983 1639 2050 exorbitatio,
1653 1984 1726 2055 quod
1741 1985 1876 2041 maundani

1082 2078 1189 2134 ordinis
1205 2075 1385 2144 inordinatio,
1400 2074 1473 2145 quod
1495 2075 1645 2131 mundialis
1658 2077 1742 2133 curie
1755 2076 1873 2145 hreuria,

1082 2170 1157 2242 quod
1170 2168 1242 2239 iuris
1254 2167 1366 2239 iniuria,
1381 2167 1415 2223 ab
1427 2166 1542 2223 fraternis
1553 2166 1739 2237 penetralibus
1753 2167 1875 2223 coelestis

1082 2262 1189 2333 areanf,
1204 2263 1233 2319 in
1247 2262 1370 2336 uulgaria
1385 2270 1558 2317 terrenorum
1575 2260 1717 2331 lupanaria
1733 2259 1815 2332 294
1828 2276 1875 2316 me

1082 2355 1221 2425 declinare
1243 2354 1351 2426 coegit?
1376 2352 1406 2408 Si
1432 2352 1460 2407 iu
1481 2351 1631 2407 allectuoso
1653 2352 1753 2407 mentis
1774 2350 1875 2406 aflectu

1041 2520 1044 2527 Ι
1082 2447 1220 2520 colligere,
1240 2454 1268 2503 et
1282 2446 1310 2502 iu
1328 2446 1448 2518 pectoris
1466 2446 1587 2503 armario
1608 2444 1795 2500 thesaurizare
1812 2443 1883 2500 sel·¹

1083 2541 1124 2597 les
1146 2541 1221 2609 quod
1247 2538 1378 2608 dicerem,
1403 2548 1458 2595 toae
1480 2536 1660 2593 dubitationis
1686 2535 1882 2609 labyrinthum·

1037 2626 1040 2631 ⁴
1082 2630 1249 2686 exulcerem.
1265 2629 1306 2684 ttd
1320 2629 1389 2697 hac,
1405 2643 1470 2700 ergo
1491 2628 1544 2683 sub
1564 2627 1698 2698 castigato
1720 2626 1796 2681 uocis
1810 2639 1876 2679 mo-

1082 2719 1234 2788 deramine,
1255 2718 1445 2790 responsionis
1470 2718 1575 2774 reddidi
1599 2716 1728 2773 talionem
1752 2732 1759 2769 :
1787 2713 1874 2782 titud,

1083 2811 1208 2882 iuquam,
1224 2826 1241 2866 o
1260 2811 1357 2881 regina
1382 2809 1513 2877 coelestis,
1527 2807 1712 2864 affectuosiori
1724 2807 1875 2873 desiderio,

1082 2917 1167 2974 quam
1181 2901 1266 2973 hujus
1277 2901 1440 2971 questionis
1458 2902 1650 2957 enodationem
1664 2900 1767 2956 esurio.

1286 2991 1391 3049 Salutio
1404 2994 1498 3063 purnes
1510 2984 1673 3064 quaestionis.

1071 3066 1076 3077 ⁴
1119 3086 1198 3145 Tunc
1214 3086 1259 3143 illa
1276 3086 1369 3143 :cum
1388 3087 1480 3142 omnia
1505 3088 1565 3159 lege
1588 3102 1646 3142 suae
1669 3085 1784 3158 originis
1803 3084 1878 3146 mois

1082 3182 1191 3256 legibus
1213 3189 1360 3237 teneantur
1384 3180 1522 3245 obnoxia,
1548 3179 1672 3250 mihique
1694 3179 1810 3235 debeant
1827 3178 1879 3249 lus

1083 3275 1178 3334 statuti
1194 3272 1334 3344 uectigalis
1353 3271 1520 3342 persoluere,
1540 3269 1598 3326 lere
1619 3270 1712 3325 omnia
1736 3269 1877 3326 tributarii

1080 3366 1153 3447 iuris
1166 3358 1338 3422 exhibitione
1360 3363 1492 3435 legitima,
1513 3363 1582 3418 meis
1599 3362 1696 3418 edictis
1710 3361 1876 3433 regulariter

1082 3460 1291 3529 obsequuntur;
1316 3456 1364 3511 sed
1387 3456 1423 3511 ab
1449 3455 1532 3526 holus
1555 3453 1743 3510 uniuersitatis
1767 3454 1876 3524 regola,

1082 3550 1160 3608 solus
1174 3552 1258 3606 lroruo
1272 3549 1398 3606 anomala
1411 3550 1571 3617 exceptione
1582 3547 1747 3611 excluditur,
1761 3546 1809 3615 qui
1819 3560 1875 3615 pu·

1083 3641 1160 3699 doris
1172 3642 1266 3697 trabea
1281 3640 1447 3706 denudatus,
1460 3638 1691 3709 impudicitiaeque
1708 3636 1875 3693 meretricali

1081 3731 1237 3804 prostibulo
1250 3730 1427 3802 prostitutus,
1441 3730 1468 3785 in
1487 3744 1545 3785 suas
1554 3727 1676 3791 dominae
1690 3727 1874 3798 majestatem,

1082 3825 1140 3880 litis
1153 3824 1235 3879 audet
1243 3823 1365 3879 excitare
1380 3822 1539 3884 tumultum,
1551 3819 1608 3874 imo
1618 3820 1699 3873 etiarn
1716 3818 1743 3872 iu
1757 3827 1875 3873 matrem

1082 3916 1205 3974 intestini
1226 3914 1289 3971 belli
1313 3913 1418 3970 rabiem
1443 3911 1624 3967 inflammare.
1647 3908 1752 3965 Caetera
1771 3908 1874 3980 quibas

1082 4023 1151 4063 nteae
1176 4005 1269 4076 gratiae
1291 4002 1440 4059 ltnmillora
1465 4018 1581 4059 munera
1607 4002 1796 4068 commodavi,
1825 4019 1875 4074 per

1082 4113 1195 4156 suarum
1221 4095 1423 4168 professionum
1450 4096 1637 4152 conditionem
1659 4094 1681 4127 ¹·
1703 4095 1876 4164 subjectione

1081 4191 1240 4250 uoluntaria
1264 4204 1388 4245 meorum
1408 4189 1582 4244 decretorum
1603 4188 1794 4243 sanctionibus
1809 4188 1875 4243 alli·

1083 4291 1198 4356 gantur;
1212 4283 1296 4338 homo
1308 4297 1375 4337 uero
1385 4281 1433 4352 qui
1450 4279 1508 4336 fere
1523 4288 1609 4336 totum
1624 4279 1782 4334 divitiarum
1798 4293 1877 4335 mu·

1046 4347 1144 4432 ¹'stim
1167 4373 1296 4430 exhausit
1315 4373 1455 4439 aerarium,
1474 4381 1580 4428 naturae
1599 4371 1735 4427 naturalia
1758 4372 1877 4427 deusto·

1083 4481 1146 4523 rare
1158 4474 1326 4538 pertentans,
1340 4466 1366 4520 io
1379 4480 1423 4520 me
1434 4466 1556 4522 scelestas
1567 4465 1590 4497 ⁸⁰
1601 4462 1716 4521 Veneris
1728 4472 1817 4519 arxnat
1831 4464 1876 4519 in·

1080 4558 1194 4632 iuriam.
1218 4558 1344 4622 dtteudc.
1358 4558 1497 4630 quomodo
1512 4557 1568 4613 lere
1583 4557 1711 4628 qualibet
1726 4557 1803 4628 juxta
1818 4556 1874 4614 ruet

1083 4651 1330 4724 promulgationem
1354 4651 1448 4715 edicti,
1472 4658 1555 4721 prout
1574 4649 1644 4704 ratio
1665 4649 1764 4704 natiuae
1776 4647 1875 4703 cotidi-

1084 4743 1168 4800 tionis
1193 4744 1369 4813 expostulat,
1398 4743 1451 4797 mei
1473 4742 1546 4812 juris
1575 4750 1678 4798 statuta
1706 4739 1872 4812 persolvant.

1083 4833 1301 4890 Fiantamentum
1309 4834 1469 4905 quotidiana
1479 4832 1640 4888 circuitione
1652 4829 1872 4901 circutnageus'¹

1082 4927 1223 4992 universa,
1235 4927 1314 4995 iuxta
1329 4941 1396 4983 mee
1410 4925 1561 4998 disciplinae
1575 4925 1739 4991 doctrinam,
1753 4938 1809 4978 nott
1825 4936 1875 4977 uu·

1083 5020 1188 5091 gatoria
1203 5019 1351 5075 volutionis
1372 5018 1523 5084 identitate,
1539 5019 1612 5074 unde
1627 5016 1761 5088 procedit,
1777 5029 1865 5081 aegre

1083 5113 1168 5178 ditur,
1188 5119 1216 5166 et
1238 5126 1294 5181 quo
1308 5111 1384 5167 radit
1406 5111 1591 5187 progreditur.
1614 5108 1706 5166 Stellae
1726 5108 1760 5163 ad
1785 5106 1873 5176 ipsius

1084 5203 1248 5262 firmamenti
1263 5202 1433 5276 fulgurantes
1451 5204 1594 5268 honorem,
1611 5201 1701 5272 ipsum
1715 5199 1774 5256 suis
1788 5212 1873 5254 orua-

1084 5297 1158 5354 tihus
1168 5294 1321 5361 restiendo,
1333 5294 1430 5350 breues
1443 5294 1486 5349 sui
1504 5294 1610 5350 itineris
1622 5293 1710 5350 dietas
1719 5290 1873 5360 explentes,
1953 5308 1956 5311 “

1082 5393 1159 5449 uaria
1176 5392 1318 5464 &ratione
1335 5391 1459 5461 ejusdem
1475 5389 1561 5462 spatia
1576 5387 1724 5453 metienda,
1737 5399 1807 5442 mete
1817 5383 1873 5438 mi·

1083 5491 1164 5546 litant
1178 5489 1326 5562 majestati.
1347 5487 1477 5558 Planetae,
1492 5490 1605 5560 prauis
1620 5499 1665 5541 me
1680 5479 1874 5555 dispositionis

886 5602 1002 5661 tantm
1020 5604 1221 5664 theutones
