3992 6042
146 144 209 202 εει
541 103 808 208 orsrmurrouss
826 147 1017 206 urcrrouuu
1037 144 1162 206 aanor.
1182 176 1218 191 -
1238 143 1384 205 rsa-tan·
1731 143 1794 202 aas·

147 258 219 315 nabe
230 267 255 313 et
268 259 316 314 iris
332 260 359 314 ia
373 259 459 330 eapite
471 258 540 329 ejus.
552 258 605 315 Per
619 260 746 331 angelum
760 258 890 319 Christus
900 260 945 318 ia·
958 268 982 327 A
996 260 1178 329 eruiturque
1194 257 1269 315 ridet
1290 257 1375 313 Deum
1392 268 1441 326 per
1463 250 1591 323 speeiem.
1614 252 1697 308 lsrael
1709 255 1783 309 enirn

146 350 296 421 telligitur,
319 366 367 421 per
378 358 460 421 eaput
473 351 533 420 ejus
549 349 697 417 diviuitas,
710 365 760 420 per
770 349 868 406 iridem
889 352 941 407 bu·
992 352 1189 423 interpretatur
1213 350 1255 404 uir
1279 348 1368 403 uidear
1381 346 1482 408 Deum,
1509 345 1580 400 unde
1604 344 1631 399 in
1648 342 1781 401 Psalmo:

146 441 290 509 manitas;
314 442 391 513 quia,
419 441 491 498 sieut
510 442 558 497 iris
575 440 700 510 opposita
713 441 766 496 sibi
781 441 873 497 varios
890 456 938 498 cn·
993 442 1149 499 Easuituiit
1160 441 1256 508 iacob,
1270 451 1295 496 et
1309 438 1446 495 laetabitur
1461 436 1557 493 lsrael.
1570 436 1649 492 liudo
1660 436 1783 495 Ecclesia

144 531 224 589 lorcs
244 532 357 604 recipit,
380 533 420 588 sie
441 533 562 587 humana
584 540 684 587 uatura
707 530 784 588 unita
803 532 940 588 diuinitati
990 531 1092 592 dicitur
1114 528 1219 599 Jacob,
1250 532 1315 602 quia
1340 529 1461 585 luctatur
1484 527 1656 594 cumvitiis;
1687 527 1715 582 in
1739 527 1783 583 lu-

144 624 240 680 varias
254 623 350 693 recipit
360 624 483 691 virtutes,
499 634 552 679 eta.
990 631 1053 680 turo
1069 639 1132 679 nero
1157 623 1211 678 erit
1234 620 1328 687 lsrael,
1356 621 1486 692 quoniam
1507 620 1611 676 uidebit
1632 619 1717 676 Deum
1734 636 1782 691 pce

186 710 282 769 lsrael.
299 712 356 769 lloc
369 730 468 769 trontcn
480 714 532 770 luit
545 715 634 785 primo
646 715 740 770 datum
756 713 852 783 Jacob,
866 722 897 770 ιιι
908 715 935 770 in
991 715 1123 785 speciem.

143 802 217 860 Gen.
244 802 353 875 legitur.
377 801 484 859 Dicitur
502 801 634 860 iudaicus
661 805 795 874 populus,
812 804 885 859 unde
908 804 935 858 in
1028 805 1095 872 lter,
1109 804 1237 875 proprie,
1255 818 1326 875 opus
1341 802 1442 859 Ιιοιιιιιιι
1457 803 1514 858 siue
1527 803 1646 871 maleum
1665 804 1737 859 unde
1752 804 1780 859 iu

143 891 263 949 Exodo:
278 893 360 961 Audi,
380 892 490 948 lsrael:
514 892 585 950 Deus
612 904 682 949 tuas.
701 894 807 949 Dicitur
828 893 936 964 gentilis
989 893 1122 952 Psalmo:
1141 893 1223 949 Nosit
1238 893 1368 949 Dominus
1384 894 1454 948 uiam
1464 893 1602 964 justorum
1617 903 1643 949 ei
1666 896 1717 948 iter·
1728 896 1781 948 im-

135 971 267 1055 ¹populus
289 986 322 1041 ad
342 985 424 1040 sidem
445 999 614 1052 conversus,
639 988 712 1039 unde
735 983 842 1040 isaias:
861 984 936 1039 llicit
990 988 1097 1058 piorum
1121 986 1229 1057 peribit.
1241 983 1347 1042 Dicitur
1357 985 1402 1043 lex
1414 986 1518 1051 divina,
1529 988 1602 1042 unde
1613 986 1640 1041 in
1652 985 1784 1043 Psalmoz.

143 1076 277 1132 Dominus
299 1077 406 1132 aeriam
431 1078 458 1132 iu
483 1076 578 1140 iacob,
603 1086 628 1131 et
644 1076 736 1131 cecidit
751 1077 778 1131 in
795 1073 893 1141 israel,
908 1075 935 1131 id
989 1075 1076 1133 lanta
1088 1078 1141 1132 iter
1153 1076 1313 1132 scandalum
1325 1089 1471 1147 posuerunt
1492 1078 1568 1134 milti.
1591 1075 1696 1134 Dicitur
1714 1093 1778 1150 pro-

140 1178 188 1226 εει
207 1169 296 1239 primo
308 1171 480 1241 propositum
495 1178 537 1225 est
552 1167 731 1239 Evangeliurn
746 1164 859 1234 iudeis,
874 1165 933 1234 sed,
988 1182 1110 1238 gressus,
1120 1168 1193 1223 unde
1202 1167 1230 1221 in
1243 1167 1294 1222 lib.
1306 1166 1470 1238 Sapientiae:
1483 1166 1518 1222 Et
1535 1183 1587 1222 noc
1603 1170 1630 1222 in
1640 1184 1688 1223 sao
1699 1184 1781 1223 eursu

140 1259 187 1316 eis
199 1263 402 1331 respuentibus,
426 1261 525 1317 cecidit
542 1262 570 1316 in
586 1259 685 1326 lsrael,
701 1257 729 1314 id
748 1268 791 1315 εει
813 1258 933 1314 fructum
985 1258 1037 1313 iter
1049 1258 1165 1314 iuberet.
1180 1256 1284 1314 Dicitur
1298 1260 1437 1329 spatium,
1464 1260 1536 1314 unde
1550 1260 1578 1314 in
1589 1257 1659 1314 lona
1681 1259 1787 1331 legitur,

141 1348 210 1408 iecit
221 1353 248 1407 in
260 1353 397 1424 gentibus.
410 1352 516 1409 Dicitur
535 1350 657 1409 Ecclesia
673 1353 846 1421 triumphans
870 1364 933 1420 spe·
985 1349 1057 1420 quod
1072 1346 1168 1402 Niniue
1178 1356 1235 1403 erat
1245 1348 1340 1403 ciuitas
1355 1349 1451 1408 itinere
1464 1351 1545 1406 trium
1556 1350 1669 1405 dierum.

933 1498 998 1615 J.

178 1718 283 1786 lacere,
296 1719 564 1792 propriarilescere,
578 1720 651 1777 unde
665 1727 744 1791 pocta
760 1736 767 1775 ;
946 1719 967 1774 D
1017 1709 1136 1776 ianitor,
1150 1711 1269 1782 proprie,
1289 1711 1417 1781 prelatus
1433 1727 1481 1783 pcr
1495 1728 1577 1784 quiem
1597 1722 1671 1784 patet
1686 1713 1712 1768 in
1729 1728 1789 1769 ec·.⁴

396 1849 403 1862 .
426 1848 433 1863 .
456 1849 463 1865 .
480 1808 587 1879 Pauper
598 1809 788 1880 aliqualem,
983 1798 1084 1867 clesla3
1100 1801 1174 1857 unde
1189 1819 1196 1855 ι
1213 1800 1249 1855 Ει
1257 1800 1374 1871 janitori
1387 1804 1513 1873 pracepit
1530 1815 1559 1857 ut
1572 1803 1703 1875 cipilaret.
1796 1793 1812 1864 ¹.

139 1894 212 1950 etin
227 1892 374 1966 Evangelio
389 1915 397 1953 z
413 1897 467 1962 Qui
483 1897 591 1968 iacebat
613 1907 674 1953 ante
693 1898 807 1967 ianuam
828 1894 930 1950 dicitis.
1017 1890 1110 1947 lanua
1138 1893 1249 1963 proprie
1279 1893 1407 1950 introitus
1436 1914 1443 1951 ε
1469 1897 1541 1953 unde
1578 1897 1677 1968 legitur
1703 1899 1775 1970 quorl

139 1985 224 2043 Notat
236 1980 337 2043 morari
351 1991 392 2043 vel
404 2005 568 2058 permanere,
581 1989 673 2045 unde:
692 1987 744 2042 Vos
756 1987 819 2042 estis
830 1988 876 2058 qui
885 1986 932 2056 ja·
982 1981 1111 2037 Christus
1125 1982 1232 2051 aperuit
1250 1982 1364 2052 januam
1381 1984 1519 2054 paradisi;
1541 1994 1569 2039 et
1584 1986 1610 2040 in
1629 1986 1775 2060 Evangelio

138 2084 207 2137 aetia
222 2083 249 2136 ia
267 2081 406 2151 sepulcris,
422 2083 448 2138 id
462 2082 561 2153 estqui
578 2081 724 2138 moramini
736 2080 930 2137 lucernalibus
981 2075 1063 2130 etiam
1075 2073 1176 2128 dicitur
1190 2090 1197 2127 ι
1212 2070 1247 2126 Ει
1258 2072 1349 2127 clausa
1361 2075 1498 2144 estjanuu.
1512 2075 1704 2148 Diciturllirgo
1717 2078 1775 2133 hla-

138 2171 391 2242 wncnpiscenrjis„
937 2227 942 2234 ⁸
981 2164 1024 2220 ria
1052 2179 1115 2235 qua
1127 2165 1235 2234 aperuit
1249 2172 1358 2235 portam
1374 2166 1506 2235 paradisi,
1521 2168 1594 2223 unde
1607 2167 1635 2222 iu
1651 2169 1753 2241 hymno
1766 2188 1773 2224 :

176 2263 319 2319 lacinthus
332 2264 498 2335 lapis,color
510 2263 682 2336 jacinthinus
692 2263 779 2333 ;unde
793 2263 820 2319 in
836 2262 930 2319 Drodo
982 2254 1022 2309 lu
1034 2255 1113 2327 Recta
1126 2254 1184 2310 «lta
1194 2256 1292 2326 ianua·

138 2352 242 2425 legitur
256 2353 329 2425 quod
346 2353 437 2409 velum
451 2353 623 2409 tabernaculi
632 2360 692 2408 erat
702 2352 884 2421 compositum
895 2351 935 2405 de
1015 2346 1110 2419 iaspis
1131 2346 1215 2418 lapis.
1226 2356 1270 2404 est
1290 2347 1500 2416 subobscurus,
1515 2347 1680 2405 viriditatem
1702 2348 1772 2405 iute-

138 2445 225 2517 hysso
238 2454 339 2501 retorta
350 2455 379 2502 et
387 2447 421 2501 de
431 2445 569 2516 jacintho,
579 2455 608 2501 et
620 2460 752 2517 purpura,
762 2452 790 2500 ει
798 2444 929 2500 coccobis
980 2440 1040 2497 rius
1055 2439 1181 2508 habens3
1197 2438 1336 2511 significat
1348 2439 1446 2496 Pilium
1460 2438 1519 2506 Dei,
1532 2440 1773 2510 quisuhobscurus

138 2536 247 2602 tincto,
264 2534 290 2589 iri
306 2545 350 2591 est
363 2535 463 2592 dalilis
479 2536 576 2593 scricis
589 2536 759 2607 jacinthini,
778 2545 807 2592 et
826 2551 929 2607 purpu·
979 2548 1030 2604 pro
1052 2531 1165 2587 homine
1188 2539 1348 2601 assumptus
1371 2540 1399 2587 et
1426 2545 1477 2602 pro
1508 2532 1671 2588 hominibus
1700 2533 1772 2589 redi·

138 2624 194 2689 rei,
210 2632 238 2680 et
253 2624 373 2681 coccinei
391 2625 514 2695 coloris;
534 2636 625 2697 potest
637 2627 721 2684 etiam
743 2627 819 2683 iilum
839 2627 929 2697 iacin-
979 2623 1087 2681 mendis
1100 2622 1261 2695 martyrium
1275 2637 1390 2693 passus,
1413 2637 1447 2678 er
1461 2625 1548 2695 pratia
1561 2623 1667 2680 habens
1680 2632 1771 2680 tamen

138 2713 211 2770 thini
235 2716 338 2774 coloris
353 2717 494 2787 jacinthus
518 2719 548 2774 in
571 2719 625 2776 hoc
650 2719 710 2776 loco
734 2721 799 2777 dici.
824 2720 929 2776 Dicitur
981 2718 1010 2774 iu
1033 2733 1064 2775 se
1086 2718 1254 2775 viriditatem
1281 2726 1308 2773 et
1329 2717 1500 2774 diuinitatem
1519 2717 1610 2775 Patris
1631 2719 1769 2776 altissimi,

138 2806 222 2861 etiam
235 2805 290 2862 uita
306 2808 436 2873 caelestis,
452 2810 516 2880 quia
529 2810 671 2881 jacinthus
686 2812 768 2868 habet
786 2812 927 2878 calorem,
980 2807 1063 2865 Virur
1075 2807 1177 2865 interni
1188 2808 1336 2878 desiderii,
1350 2810 1424 2866 unde
1439 2809 1575 2867 Dominus
1589 2827 1638 2882 per
1652 2811 1770 2882 prophe-

139 2899 211 2954 ttntle
224 2897 355 2955 Salomon
370 2917 377 2954 :
394 2898 490 2954 Danas
505 2910 558 2956 tuce
570 2902 709 2956 tornatiles
724 2919 827 2970 auree,
843 2903 932 2972 pleae
980 2910 1036 2958 tam
1051 2901 1086 2957 ad
1104 2901 1255 2959 Ecclesiam
1269 2901 1327 2956 ait:
1343 2900 1447 2957 Ponam
1457 2902 1593 2974 jaspidem
1617 2918 1770 2974 propagna-

137 2990 279 3059 iaeintiis;
295 3009 344 3065 per
357 2992 563 3048 maurrsClrristi
575 2992 764 3065 intelliguntur
775 2995 863 3050 sancti
879 2995 927 3066 qui
979 2993 1042 3047 ertia
1057 3000 1103 3046 tua
1116 2999 1142 3049 et
1155 3001 1247 3063 portm
1261 3000 1321 3046 trias
1335 2993 1364 3046 ia
1379 2992 1481 3063 lapides
1495 2994 1625 3064 corripias,
1638 3003 1692 3052 etc.

138 3085 226 3153 parati
240 3093 304 3140 sunt
317 3084 350 3141 ad
363 3083 535 3141 tolerandum
551 3084 701 3156 omniapro
715 3085 837 3153 Christo,
853 3088 926 3142 unde
942 3055 965 3117 G
1015 3081 1098 3138 ieeur
1124 3081 1235 3153 proprie
1259 3096 1336 3152 epar,
1350 3083 1423 3138 aule
1439 3083 1466 3137 in
1481 3083 1568 3141 'lobia
1582 3085 1682 3156 legitur
1696 3087 1771 3157 qrrod

138 3188 236 3232 manus
256 3178 397 3233 tornatiles
413 3186 440 3233 ct
469 3193 560 3234 aureae
583 3178 713 3234 dicuntur
727 3187 838 3248 propter
858 3178 929 3233 diti·
979 3171 1157 3228 ’1011111111Ῑῆ
1170 3172 1546 3243 11011111111111111111111·
1563 3173 1768 3242 9111111111111,

138 3279 202 3320 nam
220 3266 393 3336 sapientiam,
410 3269 497 3339 plenae
509 3268 642 3339 jacinthis
651 3279 765 3339 propter
777 3269 872 3324 vitam.
883 3267 930 3324 Di·

139 3356 210 3413 citur
220 3357 289 3427 lapis
299 3360 346 3428 qui
359 3367 447 3413 mutat
457 3359 578 3415 colorem
592 3375 673 3416 suum
686 3375 748 3415 cum
761 3359 832 3416 laeic
844 3359 927 3426 solis;

139 3447 162 3504 si
174 3447 247 3502 enim
261 3448 361 3503 caelum
372 3460 416 3505 est
428 3448 545 3516 clarum,
553 3449 645 3518 lucet,
660 3449 682 3504 si
691 3466 757 3506 uero
766 3450 927 3516 obscurum,

140 3535 170 3592 lit
183 3537 319 3594 obscurus
335 3557 342 3593 :
359 3538 497 3609 signiticat
507 3554 555 3596 eus
566 3540 613 3609 qui
624 3555 686 3595 cum
702 3541 872 3610 sapientibus
884 3556 929 3598 sa-

140 3628 246 3699 pienter
261 3636 290 3684 et
304 3637 366 3699 apte
379 3638 465 3701 agrrnt
477 3638 504 3686 et
518 3630 635 3687 intirmis
652 3646 735 3687 sensu
757 3631 926 3687 condescen-

140 3719 207 3774 dunt
219 3727 249 3773 ut
263 3719 414 3775 secuudum
427 3719 539 3775 modum
550 3721 708 3776 auditorum
717 3734 747 3777 se
756 3728 860 3790 aptent,
871 3719 927 3775 sic·

140 3821 170 3867 ui
195 3811 298 3868 Paulus
321 3813 390 3868 aits
414 3810 580 3883 Sapientiam
600 3811 735 3884 loquimur
753 3813 822 3867 inter
842 3812 904 3883 pers
916 3841 929 3853 ·

140 3914 211 3970 etos,·
227 3905 260 3960 ad
273 3918 322 3960 eos
335 3905 382 3974 qui
394 3903 535 3975 paululum
550 3904 704 3975 sapiebant,
718 3903 825 3960 dicebat
842 3922 848 3958 :
865 3903 930 3959 Nan

979 3266 1052 3321 uude
1063 3263 1143 3325 Jer.,:
1160 3263 1285 3334 Effusam
1299 3274 1337 3318 est
1351 3264 1380 3318 in
1393 3271 1464 3319 terra
1475 3265 1553 3335 jecur
1564 3283 1661 3323 meam.

1015 3355 1155 3426 ieiunium
1168 3364 1211 3411 est
1224 3354 1390 3410 abstinentia
1407 3370 1423 3411 a
1439 3355 1502 3413 cibo
1516 3367 1544 3413 et
1557 3373 1572 3412 a
1589 3366 1676 3427 potu,
1696 3359 1769 3415 tande

979 3445 1125 3504 Psalmista
1137 3444 1172 3501 de
1183 3444 1294 3501 Christo
1309 3463 1316 3500 z
1334 3440 1484 3501 Humiliaui
1499 3446 1639 3517 iurisiunis
1650 3448 1768 3501 animam

977 3557 1075 3596 meam.
1102 3538 1208 3596 Dicitur
1232 3538 1399 3596 abstinentia
1423 3556 1439 3595 a
1461 3542 1656 3612 temporalibus
1675 3541 1766 3596 bonis.

979 3629 1084 3686 Dicitur
1096 3630 1178 3685 etiarn
1194 3629 1354 3686 immunitas
1365 3632 1480 3701 peccati,
1503 3633 1575 3687 unde
1589 3633 1658 3686 solet
1668 3632 1766 3688 distin-

978 3721 1026 3790 gui
1050 3721 1121 3775 iuter
1139 3719 1276 3790 jejunium
1297 3721 1426 3776 maeroris
1445 3730 1473 3777 et
1494 3720 1629 3792 jejrunium
1643 3722 1766 3778 exsulta-

977 3811 1073 3868 tionis.

1014 3899 1138 3969 iericho,
1151 3900 1329 3956 numeniaci.
1353 3898 1459 3956 Dicitur
1474 3900 1597 3958 deiectus
1614 3905 1767 3961 mortalita·

139 3997 211 4066 potui
224 3994 296 4050 amis
308 3995 380 4066 iuqrsi
394 3997 471 4067 quasi
486 3996 672 4066 spiritualibus
683 3995 730 4050 sed
740 3996 818 4066 quasi
831 4010 928 4049 curtra-
979 3991 1032 4057 tis,
1049 3990 1122 4046 unde
1137 3990 1165 4046 in
1185 3989 1331 4062 Evangelio
1347 4006 1354 4044 ι
1372 3988 1489 4055 Quidam
1503 3992 1580 4048 homa
1593 3992 1765 4049 descendebat

139 4085 222 4152 iiiam·
247 4083 289 4140 inc
301 4093 393 4157 patum
405 4085 477 4141 nohis
492 4087 574 4155 dadi,
591 4104 643 4141 nort
656 4103 754 4144 escam.
770 4086 809 4142 De
824 4088 876 4143 hoc
898 4089 926 4143 in
978 4101 995 4139 a
1025 4083 1174 4138 Jerusalem
1190 4084 1219 4137 in
1232 4081 1339 4136 iericho
1352 4123 1360 4149 ,
1375 4083 1447 4138 sicut
1461 4098 1543 4153 supra
1566 4084 1696 4154 scriptum
1712 4096 1764 4142 cst.

138 4179 221 4250 Apoc.
979 4176 1116 4233 Dicuntur
1131 4176 1219 4230 sancti
1232 4173 1279 4246 qui
1297 4175 1467 4246 inpraesenti
1482 4176 1617 4232 sustinent
1631 4179 1766 4235 humanos

169 4267 253 4322 iacob
268 4274 311 4323 est
322 4266 464 4337 proprium
478 4281 578 4323 nomen
591 4268 654 4324 viri.
670 4267 767 4340 Signat
780 4269 863 4325 etiam
878 4268 926 4324 iu·
977 4265 1122 4332 delectus,
1146 4266 1220 4321 unde
1235 4266 1303 4322 dicit
1321 4263 1458 4335 Sapientia
1475 4285 1483 4321 ι
1501 4267 1571 4332 Quia
1582 4268 1637 4338 ipse
1650 4281 1689 4324 est
1700 4285 1765 4324 con·

139 4360 244 4416 (laicum
256 4357 386 4429 populum
398 4356 445 4426 qui
456 4356 599 4413 descendit
609 4357 643 4413 de
653 4356 749 4426 iacob,
765 4359 839 4415 uude
848 4359 925 4415 Psal·
942 4394 962 4448 D
979 4358 1116 4429 temptatio
1144 4358 1172 4412 iu
1191 4356 1318 4424 Iericho,
1351 4358 1416 4429 quia
1437 4358 1496 4427 ipse
1515 4359 1593 4416 adest
1604 4360 1706 4417 saumis
1716 4376 1765 4431 per

139 4452 217 4506 mista
229 4468 238 4506 e
254 4448 430 4505 comederunt
441 4446 536 4515 lacui,
549 4449 575 4503 id
586 4459 628 4505 est
637 4447 781 4506 iudaicam
793 4453 923 4522 populum
976 4450 1104 4520 gratiam.

139 4541 339 4596 destruxerunt.
355 4539 461 4594 Dicitur
473 4538 648 4595 Christianus
668 4541 785 4611 populus
799 4543 846 4612 qui
862 4543 927 4598 loeo
1012 4539 1173 4605 Jerusalem,
1189 4541 1332 4611 proprium
1343 4556 1442 4597 nomen
1456 4541 1586 4600 civitatis.
1601 4542 1706 4599 Dicitur
1717 4558 1766 4614 po·

139 4629 242 4684 ludaici
257 4628 350 4701 populi
366 4629 501 4686 successit
517 4630 545 4684 iu
564 4630 750 4686 haereditatem
764 4671 772 4697 ,
789 4633 863 4688 sicut
876 4632 924 4689 ia·
977 4632 1060 4703 pulus
1074 4627 1305 4698 Iudaicus,unde
1319 4631 1347 4685 in
1362 4629 1457 4686 hlatth.
1469 4630 1643 4700 :Jerusalem
1654 4631 1767 4691 derasas

140 4723 187 4776 cub
204 4722 399 4791 primogenitus
414 4720 526 4776 fratrem
539 4737 619 4777 suurn
636 4722 839 4792 supplantavit,
854 4726 926 4781 unde
978 4724 1041 4790 iem,
1055 4738 1114 4795 qua
1125 4723 1224 4778 occidis
1234 4723 1384 4794 propbetas.
1399 4720 1502 4778 Dicitur
1512 4723 1601 4779 tribus
1612 4723 1766 4794 Beniamin,

140 4828 166 4867 tn
183 4811 291 4866 Psalmo
306 4832 313 4867 :
333 4812 485 4869 Exsultubit
498 4813 581 4868 Jacob
595 4824 620 4868 et
635 4814 770 4869 luctabitur
785 4815 882 4872 linaei.
978 4815 1051 4870 unde
1068 4813 1204 4883 Propheta
1219 4832 1226 4869 :
1241 4812 1338 4868 iudea
1352 4822 1376 4867 et
1391 4810 1552 4880 Jerusalem,
1566 4815 1646 4871 nolite
1663 4817 1764 4883 timere,

170 4898 279 4954 lactare
303 4900 403 4956 dieitur
425 4902 526 4973 aliquis
549 4902 583 4958 rie
605 4903 664 4958 suis
683 4904 765 4960 bouis
781 4908 921 4976 operibus.
978 4905 1007 4960 id
1020 4913 1062 4960 est
1073 4905 1162 4961 trihus
1176 4904 1246 4960 tuda
1256 4912 1283 4960 et
1297 4905 1384 4963 tribus
1395 4905 1549 4978 beniamin.
1561 4905 1666 4961 Dicitur
1678 4915 1766 4961 stitus

141 4988 241 5043 Dicitur
261 4988 368 5056 locare,
393 4992 465 5047 unde
488 4993 515 5047 in
531 4990 642 5048 Psalmo
658 5011 664 5047 :
680 4993 763 5048 iacta
776 4997 922 5067 capitatam
978 4997 1143 5052 innocentiae
1156 4997 1184 5052 in
1194 5008 1368 5068 quocreatus
1383 4998 1543 5066 initildam,
1553 4998 1625 5053 unde
1636 4998 1663 5051 in
1676 4997 1767 5052 Euan·

140 5093 211 5137 tuum
222 5080 250 5134 in
266 5081 379 5135 Domino
392 5089 416 5135 et
430 5084 484 5152 ipse
502 5092 527 5137 te
537 5086 662 5139 enutriet.
977 5088 1049 5161 pelio
1059 5090 1094 5146 de
1105 5089 1218 5146 homine
1230 5092 1278 5160 qui
1292 5091 1474 5147 descendebat
1486 5105 1502 5144 a
1513 5088 1663 5145 ierusalem
1680 5091 1708 5145 in
1718 5089 1765 5146 ie·

170 5169 308 5238 iaculum,
324 5172 443 5242 proprie,
459 5174 636 5242 praedicntin;
654 5176 726 5229 trude
742 5177 769 5230 in
785 5176 895 5233 l‘srrlrnn
913 5199 920 5234 ε
976 5178 1068 5246 richo,
1083 5178 1131 5249 qui
1144 5178 1239 5234 incidit
1253 5179 1282 5233 iu
1300 5180 1443 5244 latrones,
1459 5178 1566 5234 scilicet
1580 5177 1666 5233 Adam
1686 5180 1733 5250 qui
1749 5194 1765 5235 a

141 5262 236 5318 Molliti
248 5265 309 5317 sum
323 5277 455 5316 ammones
466 5303 475 5329 ,
485 5273 550 5331 etc,
564 5274 589 5319 et
607 5265 658 5335 ipsi
670 5275 733 5319 suat
750 5268 854 5336 jacula.
873 5268 922 5323 la·
973 5275 1049 5324 statu
1065 5269 1279 5325 immortalitatis
1295 5279 1323 5325 et
1337 5270 1502 5326 innocentia
1515 5269 1658 5327 descendit
1671 5271 1698 5325 iu
1711 5271 1762 5326 de·

140 5357 194 5411 cula
211 5353 320 5411 Domini
330 5362 393 5409 sunt
406 5353 488 5407 rerba
501 5365 669 5424 sanctorum,
686 5375 747 5428 qua·
763 5360 844 5414 corda
859 5375 922 5428 pre·
976 5357 1079 5414 lectum
1094 5361 1270 5418 mortalitatis
1288 5370 1317 5417 et
1330 5361 1427 5429 culpae.
1443 5357 1547 5413 Dicitur
1556 5358 1678 5415 Ecclesia
1691 5361 1764 5415 mili-

139 5447 253 5502 eantiuru
271 5443 392 5512 feriunt,
411 5443 438 5498 id
455 5451 497 5497 εει
511 5448 666 5512 percutiunt
695 5449 833 5517 usquead
853 5466 921 5504 eurr
977 5450 1558 5522 tuns,undeinPsalmo:demendamque
1574 5451 1765 5521 adificatarat

139 5538 288 5592 iussionem.
978 5542 1083 5597 ciebas.
1096 5541 1202 5598 Dicitur
1213 5541 1334 5598 Ecclesia
1347 5540 1530 5614 triumphans,
1544 5542 1615 5602 unde
1626 5543 1660 5600 de
1673 5542 1766 5600 charl-
