3992 6042
260 216 314 278 163

895 217 1000 276 naam
1019 198 1064 274 bs
1082 217 1221 278 rusucts

1836 221 1896 278 58⁸

258 335 341 408 403
360 332 453 393 Hostis
465 334 607 392 avaritie?
618 333 724 395 iraudis
739 352 856 394 censura
870 337 961 394 silebit
1060 336 1082 396 Α
1098 333 1184 407 Culus
1197 337 1224 393 in
1241 353 1319 396 arma
1335 338 1391 403 ruit
1407 337 1520 410 plebeia
1534 336 1614 396 turba
1625 336 1765 404 cohortis,

259 428 354 499 llegna
369 438 478 486 tenente
494 429 565 485 fidet
578 428 648 485 leret
661 429 701 486 ira
715 431 820 488 silentia
834 431 933 501 pacist

258 520 310 578 Jus
328 532 453 578 nostrum
465 538 516 593 par
528 522 662 595 subripiet
674 525 686 579 l
697 524 769 596 qued
785 538 906 596 tempore
920 533 998 581 teoto

258 611 413 678 Defendens
431 614 511 670 nuliis
526 615 697 684 praescriptio
714 615 853 672 vindicat?
868 632 936 673 usus

257 701 511 774 tlonlertletjusto
523 704 601 761 titulo
616 706 714 762 collata
733 708 844 763 tuetur?

198 854 202 862 g
258 791 312 847 Sed
330 792 430 862 pudeat
441 808 492 850 nos
503 796 567 865 jura
583 797 670 867 sequi,
687 813 756 867 quas
771 799 863 854 rivere
874 798 948 871 juste
989 808 991 811 ’

256 876 316 933 Non
332 879 420 948 decet,
436 890 483 936 aut
495 883 624 953 precibus
639 886 688 941 uti.
704 885 758 943 Pro
772 887 878 959 legibus
892 906 957 962 erge

257 967 404 1025 Sumendae
415 972 498 1040 vires,
513 974 556 1030 ris
574 976 731 1044 prorirtote
743 975 857 1035 teratur.

255 1059 314 1117 Nos
330 1077 381 1133 pro
394 1062 457 1133 jure
472 1065 550 1121 decet
562 1081 704 1125 assumere
717 1069 813 1137 robur,
829 1080 857 1127 et
871 1074 957 1129 armis

256 1151 313 1210 iles
326 1154 430 1211 dictare
445 1172 541 1223 iteras,
555 1166 583 1214 et
593 1161 728 1231 sanguine
742 1163 864 1219 scribere
877 1164 961 1235 leges.

256 1246 287 1303 ln
304 1265 356 1305 nos
370 1245 492 1308 matteras
502 1267 571 1321 aero,
589 1253 602 1295 t
615 1250 734 1326 bellique
746 1266 886 1327 potentes,

256 1339 287 1395 ln
300 1356 415 1397 numero
431 1343 541 1414 piures,
553 1346 673 1416 maiores
685 1348 801 1415 uiribus,
816 1365 901 1404 unum

255 1429 401 1499 Expertem
412 1433 476 1488 belli
488 1449 615 1504 puerum,
629 1436 729 1492 virtute
743 1438 877 1495 minorem

256 1520 382 1574 Armarit
392 1518 497 1578 Natura
511 1538 611 1594 parens
625 1541 632 1578 τ
648 1526 774 1584 sicsterit
786 1526 813 1584 ln
828 1544 922 1586 ursum

256 1609 404 1680 llinnulus,
416 1613 444 1667 in
460 1630 579 1684 quercus
593 1628 717 1674 armatur
734 1622 857 1693 virgula,
870 1624 949 1679 uallis

255 1701 285 1756 ln
298 1703 416 1770 montes,
433 1705 510 1776 lepus
521 1707 549 1763 iu
563 1711 680 1777 catulos,
694 1712 720 1767 in
733 1713 830 1784 tigrida
842 1715 939 1773 damae.

258 1793 289 1849 Si
303 1793 366 1852 iorti
384 1796 494 1865 sortem,
511 1801 644 1873 clareque
661 1806 805 1863 retundere
820 1808 926 1864 clavum

257 1886 409 1957 vellemus,
423 1892 547 1964 nunquid
563 1894 574 1927 ⁸
588 1896 635 1951 uni
662 1899 827 1955 concludere
841 1912 935 1971 posset

256 1976 279 2041 E
303 1980 406 2036 nestris
419 1996 504 2050 unus,
516 1984 605 2053 primo
618 2002 699 2057 quem
715 1988 782 2044 levit
797 1991 831 2044 ab
844 2006 902 2047 reue

255 2065 426 2140 Tisiphone?
439 2088 520 2143 quem
535 2075 605 2131 lacte
619 2085 671 2134 suo
682 2081 784 2150 potavit
793 2080 933 2154 Erinnys?

252 2158 383 2231 b'unquid
409 2161 483 2236 Sylla
502 2164 605 2235 nouus,
620 2170 689 2226 alter
703 2169 792 2240 Nero,
810 2183 916 2230 uertere
936 2184 1031 2246 posset

253 2248 360 2323 Legesi
379 2256 510 2322 antiques
526 2256 624 2315 rursus
640 2276 771 2317 renouare
783 2260 892 2320 furores

253 2341 390 2400 Rufinus?
400 2345 518 2403 Catilina
534 2365 622 2406 nurus
637 2364 793 2421 pervertere
807 2358 965 2413 mundum?

184 2446 190 2457 ·
254 2432 308 2487 Sed
320 2433 418 2491 melius
431 2452 498 2504 gens
511 2447 605 2494 nestra
618 2443 699 2499 simul
714 2445 827 2501 collecta
841 2448 963 2505 novellos

252 2522 365 2579 Naturae
381 2532 448 2581 teret
463 2526 599 2596 insultus,¹
612 2530 755 2604 iastusque
769 2548 894 2594 recentes

253 2613 394 2693 Demittct,
407 2617 492 2674 reteri
508 2620 625 2676 reddens
637 2622 709 2678 elata
726 2625 824 2683 ruiuae.

253 2703 327 2777 Ergo
339 2709 398 2778 pari
414 2710 541 2781 strepitu,
554 2714 685 2771 concordi
697 2715 793 2786 blartc,
806 2719 900 2779 lurore

252 2798 376 2874 AEquali,
390 2801 452 2858 lites
465 2812 493 2858 ct
506 2803 576 2860 bella
588 2821 716 2876 geramus
730 2810 758 2865 in
770 2812 857 2882 illum,

253 2888 306 2957 Qui
325 2890 412 2951 solus,
427 2906 505 2962 puer,
517 2902 544 2949 et
559 2893 621 2950 belli
638 2897 709 2953 male
723 2901 865 2971 conscius,
880 2905 908 2960 in
920 2922 970 2964 nos

251 2980 394 3052 Armatur,
408 2983 560 3057 cedrosque
571 2988 646 3059 cupit
661 2990 750 3049 delere
761 2995 875 3067 miryca.

557 3099 672 3159 CAPUT
692 3103 725 3163 tt.

257 3184 330 3257 litio
343 3206 405 3245 cons
424 3194 494 3248 irent
503 3194 680 3255 inhominem.
693 3199 787 3257 Primo
801 3205 897 3261 bellurn
910 3211 969 3265 sitit
979 3209 1042 3265 Dis·

1097 411 1294 498 Poena,'labor,
1307 431 1377 500 sitis,
1396 433 1511 499 esuries,
1521 430 1638 503 icioma
1658 445 1743 488 cura.

1098 519 1280 592 Subsequitur
1293 524 1393 581 vallata
1411 523 1471 581 suis
1484 521 1599 582 inlsmia
1611 523 1755 586 monstris.

1097 613 1173 670 lilius
1186 614 1287 673 vexilla
1300 623 1399 686 gerunt
1409 614 1537 685 contagia
1550 614 1622 681 ritae,

1096 706 1235 780 Factaque
1245 708 1327 778 digna
1344 707 1433 772 notis,
1445 717 1474 763 et
1487 707 1543 761 rita
1557 706 1687 764 notabilis
1700 716 1775 763 actu.

1097 797 1245 870 Despectus
1259 798 1405 855 comitatur
1415 813 1486 864 eam,
1499 797 1587 869 pedor
1610 799 1695 853 baeret
1708 797 1796 854 cunti.

1097 888 1188 959 Serpit
1197 889 1233 945 ibi
1248 905 1384 954 murmur,
1396 899 1512 945 currum
1524 888 1660 955 conuicia,
1674 889 1782 944 laudem

1095 979 1235 1052 Famaper
1245 980 1427 1051 antiphrasim
1439 977 1537 1046 fundit,
1551 979 1693 1050 risumque
1707 979 1850 1037 caebiunl.

1094 1071 1344 1140 blorbida,moesta,
1354 1081 1484 1138 tremens,
1492 1071 1606 1141 fragilis,
1614 1071 1890 1142 tongaeuasenecms,

1094 1163 1218 1221 innitens
1228 1163 1338 1231 baculo,
1353 1179 1404 1220 nec
1414 1163 1515 1218 mentis
1528 1162 1626 1218 robore
1639 1161 1730 1228 firma,

1094 1254 1168 1310 Bella
1186 1262 1288 1319 moret,
1304 1253 1424 1324 bellique
1434 1267 1506 1307 rcere
1519 1250 1673 1322 juvenescit
1686 1252 1713 1307 in
1729 1260 1807 1307 aestu.

1093 1345 1236 1413 nobilitas,
1248 1346 1350 1411 morbi,
1365 1345 1529 1416 languores,
1547 1343 1637 1410 taedia,
1652 1345 1758 1414 lapsus,

1094 1440 1170 1496 lllius
1179 1440 1348 1497 comitantur
1357 1439 1427 1509 iter;
1442 1440 1489 1511 qui
1502 1438 1599 1495 blartis
1611 1453 1706 1496 amere

1094 1532 1235 1597 Succensi,
1247 1547 1337 1604 pugna
1350 1533 1464 1603 cupiunt
1479 1531 1599 1588 incidere
1609 1531 1706 1596 uitam,

1098 1625 1182 1680 drdet
1192 1625 1219 1679 in
1235 1639 1311 1680 arma
1326 1622 1421 1680 lnrens
1435 1623 1521 1681 scisso
1531 1622 1638 1679 relatus
1646 1623 1748 1680 amictu

1095 1717 1209 1784 Luctus,
1221 1727 1249 1774 et
1262 1717 1387 1773 irrorans
1401 1716 1531 1788 lacrymis
1544 1724 1606 1771 arat
1625 1714 1763 1787 unguibus
1784 1729 1847 1771 era.

1095 1809 1244 1876 Tristities,
1258 1824 1397 1880 pressura,
1411 1806 1643 1875 delenimenta,
1657 1806 1755 1872 ruina,

1095 1898 1162 1970 Ejus
1175 1899 1203 1954 in
1219 1898 1384 1968 obsequium
1396 1897 1520 1965 lerveut,
1534 1897 1697 1968 dominique
1708 1896 1830 1952 latentur

1094 1988 1230 2055 Militiam,
1245 1987 1476 2058 belloque'calent
1491 2002 1554 2043 cum
1564 2002 1629 2058 rege
1643 1986 1775 2051 ministri.

1093 2078 1188 2134 blartis
1204 2077 1231 2133 in
1247 2080 1373 2134 ardorem
1394 2077 1502 2133 natires
1515 2075 1616 2133 excitat
1629 2075 1708 2147 ignes

1093 2171 1172 2240 ignca
1183 2167 1321 2233 luxuries,
1336 2166 1423 2222 multe
1435 2165 1564 2220 comitata
1581 2162 1680 2219 cliente
1697 2181 1707 2219 a

1093 2262 1161 2333 Ejus
1175 2262 1203 2318 in
1220 2259 1353 2316 auxilium
1374 2259 1470 2330 jurant
1485 2255 1604 2328 perjuria
1614 2295 1622 2321 ,
1634 2254 1750 2325 spondet

1092 2353 1191 2410 Falsus
1203 2367 1292 2418 amer,
1307 2350 1403 2408 lenitas
1415 2348 1519 2414 animi,
1534 2345 1648 2415 lasciuia
1662 2345 1792 2413 mendas,

1092 2444 1228 2517 lusipidus
1241 2443 1349 2509 dulcor,
1360 2440 1473 2512 sapidus
1487 2438 1582 2505 dolor,
1599 2452 1672 2510 aegea
1683 2436 1694 2470 ⁸
1704 2436 1845 2500 voluutas,

1093 2534 1266 2605 Prosperitas
1281 2532 1410 2599 aduersa,
1423 2531 1502 2587 locus
1512 2529 1649 2600 lugubris,
1662 2542 1758 2584 amara

1092 2628 1209 2698 Gaudia,
1220 2628 1296 2683 dives
1310 2633 1472 2698 paupertas,
1485 2621 1623 2693 opulentia
1638 2635 1751 2691 pauper.

1092 2718 1159 2776 Post
1173 2719 1242 2774 alies
1256 2718 1284 2773 in
1299 2717 1370 2777 bella
1381 2715 1476 2772 lurcns
1487 2722 1515 2770 ct
1525 2728 1629 2784 pronus
1646 2712 1672 2767 in
1685 2727 1773 2776 arma,

1093 2809 1226 2866 Sublimis
1237 2817 1383 2880 provectus
1395 2821 1483 2877 eque,
1500 2814 1633 2875 gestuque
1648 2803 1795 2875 superbus,

1093 2900 1236 2956 Excedens
1245 2896 1355 2963 babitu,
1367 2895 1506 2965 verboque
1519 2892 1686 2964 superdeus,
1701 2899 1763 2948 actu

1054 2982 1077 3051 C
1093 2993 1266 3065 Degenerem
1276 3003 1407 3045 excessus
1421 2986 1508 3054 adest,
1520 2983 1639 3054 bellique
1654 2982 1775 3037 lurorcm

1092 3084 1236 3150 Praevenit,
1247 3090 1275 3138 ct
1284 3079 1390 3137 cunetis
1402 3076 1520 3134 bellandi
1532 3075 1717 3146 suggeritiras
1729 3088 1738 3127 r

1093 3176 1154 3244 ero
1169 3176 1238 3232 duce
1248 3173 1326 3245 signa
1340 3170 1419 3242 gerit,
1431 3177 1459 3224 et
1469 3167 1571 3224 bellurn
1587 3180 1654 3222 rece
1670 3165 1791 3221 uniantur

288 3261 382 3315 cordio
397 3208 508 3331 ssanrrrlis
530 3267 597 3332 atris,
611 3284 657 3322 sert
672 3270 764 3334 licere,
782 3276 864 3343 rabie,
881 3278 981 3348 serore,
995 3271 1042 3354 tite
1092 3265 1229 3332 Ebrieb'lsr
1243 3262 1349 3329 ‘⁵⁸⁰5’
1366 3256 1647 3330 1²⁰²²¹¹11220l³b¹¹122
1661 3255 1754 3313 1⁰¹⁰&

286 3329 340 3395 iro,
354 3340 408 3407 etc.
420 3331 570 3396 Discordioe
579 3339 688 3395 comites
701 3341 750 3396 olii
765 3358 943 3403 recensentur.

252 3439 302 3505 liis
314 3442 396 3500 dictis
409 3446 486 3515 plebs
502 3456 558 3502 tota
571 3464 637 3505 suos
652 3450 772 3510 clamere
784 3455 887 3514 latetur

250 3535 400 3601 Assensus,
416 3537 613 3613 dominamque
625 3543 714 3611 sequi,
726 3561 891 3619 quecunque
902 3550 1016 3624 lerator,

252 3623 391 3703 Spondet,
412 3633 441 3680 et
463 3625 499 3679 ad
510 3635 603 3681 return
626 3631 770 3701 confestim
791 3636 862 3694 iacta
876 3655 1038 3714 sequuntur.

253 3711 345 3771 Prima
359 3713 418 3773 sitit
427 3713 529 3773 bellum
541 3713 694 3786 Discordia,
707 3722 795 3793 prima
809 3729 942 3788 turnultus

249 3804 370 3877 appetit,
385 3804 542 3876 etprimrim
560 3810 692 3880 praeludia
703 3811 797 3875 biantis
812 3818 882 3879 inire

1386 3391 1502 3451 CAPUT
1538 3389 1583 3445 bt.

1091 3510 1223 3577 Stultitia
1238 3506 1345 3562 bellom.
1367 3506 1434 3576 Ejus
1445 3505 1564 3560 comiter.
1585 3499 1737 3571 impictatis
1757 3503 1880 3575 comiter,

1125 3579 1258 3646 domitio,
1270 3578 1343 3649 [atrio
1357 3577 1510 3647 r'rrscrrmlis,
1531 3582 1556 3627 ct
1573 3573 1630 3640 cjrtr
1648 3571 1763 3653 sequela.
1796 3564 1880 3638 Vitiis

1123 3660 1231 3777 χῶπη
1252 3665 1280 3703 rc
1301 3658 1434 3718 opoerrurrt
1455 3647 1564 3700 uirtutes
1587 3641 1767 3747 lromrncmquc
1787 3640 1836 3713 de!
1868 3670 1882 3686 ·

1124 3810 1263 3869 Assiduus
1274 3810 1409 3870 scelerum
1421 3809 1509 3866 lomes
1522 3808 1670 3879 comisque
1682 3814 1830 3880 tyrannos,

249 3894 390 3965 Praeparat
404 3913 416 3952 ε.
432 3898 567 3955 assistunt
581 3899 697 3971 lamuli,
718 3909 910 3985 complentque
917 3914 1040 3986 jubenis,
1089 3904 1197 3963 Peccati
1210 3904 1349 3971 stimulus,
1361 3902 1452 3959 delicti
1464 3901 1586 3967 bamma,
1602 3910 1696 3957 reatus

248 3986 431 4059 Praeceptum,
443 3989 618 4062 dominaeque
632 4006 731 4065 parant
744 3999 862 4073 insignia
874 4004 949 4061 belli.

248 4077 333 4151 Livor
346 4096 443 4151 equos,
456 4082 547 4140 rabies
563 4099 679 4153 currus,
694 4086 773 4145 soror
783 4106 860 4149 arma
872 4097 1020 4155 ministrat.

249 4169 371 4240 impetus,
382 4172 493 4244 auriga,
512 4173 547 4231 lis
558 4176 692 4247 armiger,
707 4179 748 4233 ira
760 4182 897 4253 maniplus

247 4261 531 4329 Praerenbirrecssum
543 4266 678 4335 dominae;
695 4269 741 4325 sed
757 4278 846 4328 terror
858 4278 948 4334 euntis

248 4354 363 4427 desistit
377 4358 475 4413 dextro
490 4359 582 4426 lateri,
599 4359 786 4433 damnumque
797 4365 911 4424 sinistro

244 4443 350 4514 lieret,
366 4447 489 4505 delectus
504 4449 639 4520 sequitur,
658 4467 735 4509 mors
747 4454 843 4511 ultima
857 4475 969 4531 gressus

247 4539 351 4611 Arripit
366 4542 506 4609 occiduos,
517 4551 545 4619 rt
557 4545 652 4600 mortis
663 4544 735 4602 lidus
748 4547 867 4608 Achates

247 4628 353 4699 Pallor,
371 4634 523 4690 ctassiduo
538 4636 625 4691 caedes
640 4637 772 4694 comitata
784 4639 887 4700 dolore.

248 4721 306 4779 llos
325 4724 441 4781 remites
457 4727 542 4782 trabit
557 4727 591 4782 ad
614 4744 733 4801 pugnam
748 4714 901 4804 Discordia,
920 4750 1036 4799 cunctos

245 4814 365 4882 Excitat,
376 4825 404 4872 ct
424 4818 508 4875 sociis
524 4818 644 4877 infundit
655 4821 750 4880 blartis
765 4807 901 4883 amorem.¹

247 4908 300 4965 Sed
314 4917 376 4980 post
393 4924 470 4966 arma
483 4911 554 4982 rapit
570 4913 667 4969 bumili
681 4914 715 4971 de
728 4918 807 4987 plebe
818 4902 910 4979 creata

244 5000 409 5070 Pauperies,
422 5002 493 5060 lacie
506 5004 623 5074 dejecta,
637 5014 665 5062 et
672 5024 793 5081 paupere
806 5011 893 5081 cultu,

243 5091 328 5172 404
345 5093 457 5153 incessu
475 5098 547 5154 tristi
563 5102 710 5171 gradicum
730 5105 778 5160 scd
795 5107 910 5178 prodiga
926 5108 998 5174 rita,

244 5183 301 5245 llec
317 5190 415 5246 mortis
428 5207 565 5250 concussa
581 5206 666 5263 metu,
683 5213 734 5254 nec
747 5197 834 5257 lracta
853 5201 962 5267 timore,

243 5274 337 5347 irruit,
351 5290 378 5338 et
388 5283 509 5341 condens
527 5287 554 5342 iu
567 5288 655 5344 multo
669 5287 764 5344 lunere
776 5290 858 5346 vitam

244 5364 310 5426 Plus
324 5371 420 5440 qudet,
435 5373 501 5453 dum
517 5376 606 5455 nescit
626 5378 705 5448 inops
719 5392 877 5451 pauperque
890 5382 998 5441 timere.

244 5457 268 5538 lt
281 5461 365 5532 pedes
377 5463 524 5522 innumera
534 5466 656 5538 pediturn
668 5468 786 5525 vallante
796 5484 910 5537 corona,

1089 3994 1259 4066 Principium
1275 3994 1369 4066 prado
1381 4002 1485 4050 nestrae
1497 3992 1651 4052 rationiset
1659 3992 1759 4063 bostis,

1088 4085 1119 4142 ln
1135 4096 1239 4143 mntam
1251 4102 1350 4159 pugnae
1365 4086 1470 4142 rabiem
1482 4085 1603 4156 bellique
1616 4085 1725 4141 furores

1088 4176 1193 4245 Currit,
1214 4177 1241 4232 in
1253 4178 1386 4235 auxilium
1403 4178 1484 4248 euius
1497 4183 1588 4234 morel
1602 4190 1681 4232 arma
1695 4184 1800 4245 reatus,

1090 4267 1166 4325 Velle
1178 4268 1292 4333 malum,
1306 4267 1383 4323 calor
1394 4267 1523 4331 illicitus,
1538 4265 1671 4322 damnosa
1684 4264 1822 4320 uoluntas.

1091 4358 1240 4415 stultitiam
1255 4374 1310 4414 non
1326 4356 1406 4413 turba
1423 4357 1524 4424 minor,
1539 4372 1594 4412 non
1608 4354 1697 4411 rarior
1711 4355 1722 4388 ¹
1735 4362 1825 4410 arnrat

1087 4451 1245 4508 Conventus
1259 4465 1405 4521 procerum
1419 4467 1427 4504 ε
1442 4464 1536 4505 comes
1547 4458 1589 4504 est
1603 4446 1722 4519 ignaria,
1736 4446 1806 4513 ludi,

1088 4539 1234 4611 Segnities,
1248 4555 1336 4611 nugae,
1350 4540 1480 4612 garritus,
1493 4539 1559 4609 otia,
1572 4539 1674 4596 somni.
1727 4553 1730 4559 ·

1085 4630 1146 4687 tlon
1161 4633 1254 4688 minus
1268 4633 1397 4702 impietas
1412 4633 1500 4699 saevit,
1511 4631 1654 4701 multoque
1669 4628 1790 4702 superba

1087 4721 1170 4796 1405
1186 4723 1281 4792 blilite,
1290 4723 1389 4796 majori
1403 4732 1468 4779 roto
1478 4723 1534 4781 sitit
1548 4738 1635 4789 arma,
1652 4737 1702 4778 nec
1715 4721 1799 4789 ullam

1088 4817 1195 4874 Gaudet
1209 4818 1311 4873 babere
1326 4818 1410 4884 uiam,
1424 4817 1477 4873 nisi
1492 4815 1548 4875 iusi
1559 4814 1704 4887 sanguinis
1720 4814 1803 4870 unda.

1088 4916 1155 4985 Ejus
1171 4920 1262 4969 castra
1275 4919 1378 4978 tenent,
1391 4911 1521 4981 illamque
1534 4907 1654 4965 latentur
1668 4906 1805 4975 inarmis,

1087 5006 1232 5079 Nequitias,
1248 5016 1363 5075 strages,
1376 5002 1504 5071 lacinus,
1524 5001 1670 5069 violentia,
1683 5001 1785 5059 clades.

1088 5099 1116 5155 ln
1129 5098 1264 5171 pharetris
1277 5110 1328 5154 sua
1342 5095 1395 5151 tela
1408 5108 1506 5168 gerens
1524 5108 1647 5164 arcuque
1661 5093 1769 5157 doloso,

1087 5194 1176 5251 Fraus
1190 5198 1295 5248 armata
1307 5187 1395 5255 iurit;
1411 5203 1505 5244 comcs
1521 5195 1563 5243 est
1577 5185 1700 5253 lallaoia,
1712 5184 1813 5257 duplex

1085 5285 1239 5351 Calliditas,
1253 5282 1334 5338 dolus
1345 5279 1472 5348 illiciens,
1486 5279 1607 5336 versutia
1621 5278 1713 5334 lallax.
1741 5294 1749 5313 ·

1085 5379 1167 5451 Pejor
1180 5374 1324 5433 avaritiam
1340 5371 1488 5427 comitatur
1498 5371 1580 5427 turba
1591 5370 1733 5436 clientum,

1086 5470 1159 5527 Cura
1172 5468 1312 5541 frequens,
1323 5478 1408 5521 usura
1423 5478 1520 5533 roras,
1535 5462 1680 5546 turpisque
1696 5459 1816 5551 raplmq

881 5584 999 5643 VARlAE
1017 5582 1222 5644 LECTlONES.

286 5665 389 5739 'litei
437 5669 569 5743 alloque-
607 5671 853 5753 'll⁸·B·,utrum·
892 5678 1179 5757 ‘tls.ll.,rpleptas.
1216 5674 1288 5732 illc.
1311 5674 1497 5757 luerunt·¹
