3992 6042
19 321 22 331 ,
142 256 192 315 981
421 300 426 307 .
516 247 779 309 orsutncrionss
799 244 990 304 otcittliltltt
1011 244 1135 302 TBEDL.
1155 274 1190 287 -·
1206 241 1365 302 tun-suit
1706 218 1767 295 Μ’

15 417 34 473 ἦ
143 370 248 430 Dicitur
260 371 383 440 uictoria,
399 369 471 427 uncle
482 368 590 427 canitur
602 368 629 424 in
640 366 765 440 hymno:
937 372 962 430 Α
1014 362 1133 431 lunare,
1142 362 1260 432 proprie.
1269 359 1365 434 Signat
1376 357 1518 429 suurlirr.
1529 354 1612 413 liutet
1621 358 1759 422 mamare,

232 463 307 521 Crux
318 461 417 534 fidelis,
429 469 482 517 etc.

144 555 194 614 Et·

189 602 194 613 a

15 621 31 633 ιιι

24 644 32 659 Ι

231 648 316 721 Super
329 649 414 705 crucis
426 657 523 720 tropas

232 720 453 792 Distriumplurn
471 718 594 775 nobilem.

182 809 339 881 Tropologia
359 809 460 866 (licitur
480 809 652 879 particularis
666 805 807 879 allegoria,
818 805 927 877 quando

145 915 195 973 per
204 901 530 973 aliquosuclaliqnorum
547 899 620 956 iacta
632 913 688 955 non
708 898 869 969 intelligitur
881 911 928 970 ge-

145 993 246 1049 neralis
258 991 380 1049 Ecclesia
391 992 565 1048 militantium
576 991 619 1046 uel
631 990 853 1063 malignantium,
878 986 926 1044 sed

144 1085 180 1142 cle
194 1083 317 1142 Ecclesia
331 1084 477 1152 militante,
489 1084 531 1140 rel
551 1082 675 1155 perlecti,
688 1083 731 1138 rel
755 1081 926 1153 imperiecti;

144 1177 187 1233 rel
202 1176 236 1233 de
261 1176 382 1234 Ecclesia
405 1177 581 1248 malignante,
609 1187 639 1231 ut
667 1174 798 1233 haeretici.
824 1173 928 1231 Dicitur

144 1270 238 1338 enam,
253 1270 363 1341 quando
375 1284 422 1340 per
434 1268 544 1340 aliquod
560 1266 662 1324 lactum
679 1267 839 1341 intelligitur
853 1267 927 1340 quod

144 1370 170 1419 ιι
184 1362 264 1419 nobis
279 1362 316 1418 sit
339 1361 509 1429 iaciendum
526 1361 599 1418 unde
618 1371 646 1419 et
665 1362 816 1435 tropologia
828 1361 928 1417 (licitur

979 455 1052 511 unde
1065 454 1184 511 dicitur:
1201 451 1288 508 Houto
1302 452 1341 508 uel
1357 467 1429 507 arara
1446 458 1528 507 tumst

1014 568 1114 626 Tumor
1135 578 1178 626 est
1198 567 1313 624 inllatio.
1335 564 1440 621 Dicitur
1463 563 1589 635 superbia
1611 563 1762 620 secundum

977 664 1051 735 quod
1062 663 1136 720 soliti
1149 677 1244 718 sumus
1257 659 1364 715 dicere:
1381 657 1433 715 llic
1447 661 1512 730 {usit
1536 661 1585 715 lnrc
1603 668 1705 714 tumore
1716 675 1762 713 ru·

977 757 1085 828 perita,
1105 768 1131 812 at
1160 767 1247 813 tumor
1269 757 1359 826 inlusa
1380 756 1493 827 repellit.
1512 755 1604 819 ilaris
1618 754 1762 812 inundatio

976 851 1060 906 etiam
1075 849 1177 907 (licitur
1187 860 1289 907 tumor.

1014 963 1142 1020 Tumulus
1156 976 1197 1022 est
1213 964 1443 1037 supereminentia
1457 972 1545 1020 lemae.
1562 962 1668 1019 Dicitur
1679 962 1762 1018 etlam

978 1055 1145 1127 sepulcrum,
1161 1057 1233 1111 utris
1250 1056 1421 1128 Augustinus
1443 1054 1482 1110 ait
1501 1055 1574 1125 quod
1592 1053 1689 1110 diuites
1703 1069 1763 1109 mo·

977 1147 1087 1203 rinntuu
1099 1148 1126 1203 in
1139 1147 1216 1203 lectis
1229 1147 1360 1204 eburneis
1369 1161 1396 1204 st
1409 1163 1471 1204 cum
1486 1161 1584 1219 inagna
1602 1161 1701 1218 pompa
1715 1146 1762 1202 uis·

977 1245 1104 1302 seruntur
1117 1246 1151 1302 ad
1165 1247 1299 1303 tumulum
1312 1265 1320 1314 ;
1333 1247 1361 1302 in
1378 1246 1479 1319 hymno
1495 1265 1502 1301 τ

1049 1359 1116 1416 Cum
1133 1362 1217 1432 surgit
1229 1360 1350 1417 Clrriatus
1363 1362 1474 1417 tantulo.

145 1453 225 1524 quasi
245 1467 336 1509 ⁸²¹¹¹¹0
352 1467 500 1510 ⁰⁰¹¹V0f⁵¹¹⁸
522 1453 556 1510 id
578 1468 647 1522 ¹¹⁰⁸»
667 1463 697 1510 ⁸¹¹
718 1469 767 1524 W
779 1453 832 1510 ¹¹⁰⁰
853 1451 927 1523 quod
977 1472 1082 1529 Dicitur
1096 1487 1209 1529 aceruus
1223 1471 1356 1543 lapidum,
1377 1472 1449 1529 unde
1461 1473 1489 1528 in
1504 1471 1763 1545 cen.tegiturqnot

145 1545 273 1606 Christus
296 1547 391 1605 hahuit
417 1562 516 1604 manus
540 1546 633 1604 allisas
656 1548 731 1603 cruci
759 1547 927 1619 significatur
976 1566 1063 1623 Jacob
1078 1574 1107 1623 eg
1132 1563 1227 1623 papan
1250 1575 1447 1639 congregamus
1464 1564 1763 1639 lapidegspoemnpgu.

111 1657 117 1668 ·
145 1643 219 1713 quod
236 1657 333 1698 manus
347 1641 480 1698 dellemns
492 1642 620 1697 cohibere
635 1657 650 1696 a
665 1650 743 1697 reatu
758 1640 872 1710 peccati.
977 1659 1092 1713 murum,

136 1730 140 1739 '
184 1729 285 1798 TWW
311 1730 411 1786 dicitur
447 1730 600 1786 ⁰⁰¹¹V01830·
642 1728 691 1785 5⁸¹
721 1729 803 1785 illim
830 1727 964 1801 ,flssmss
1014 1749 1087 1806 Tunc
1104 1749 1250 1822 aliquando
1264 1759 1340 1807 notat
1350 1760 1467 1822 tempus,
1483 1750 1556 1807 unde
1566 1749 1652 1807 Dauid
1668 1767 1675 1804 ι
1690 1749 1764 1808 Tunc

146 1822 256 1893 quanio
270 1822 353 1880 dictio
374 1823 516 1894 apropria
530 1822 729 1895 significatione
748 1820 927 1887 conuertitur,
979 1842 1127 1914 ammam,
1161 1843 1323 1913 ,wega-„m
1346 1844 1473 1914 jun-ge·
1504 1842 1660 1915 Aliquando
1687 1851 1764 1902 „om

146 1916 219 1972 unde
233 1915 335 1972 locrttio
346 1917 445 1973 dicitur
459 1916 575 1987 tropica,
590 1915 618 1972 id
633 1926 675 1971 est
688 1916 843 1987 liguratira.
979 1935 1170 2003 mmmm,
1187 1936 1260 1992 „nde
1282 1935 1425 1994 psalmis„
1443 1956 1450 1992 :
1474 1936 1578 1994 pm„
1605 1938 1678 1994 ug„
1705 1947 1762 2005 m,

184 2006 279 2062 ltalia
302 2016 343 2065 est
366 2007 577 2063 instrumentum
603 2006 846 2077 caementariique
867 2004 929 2061 linit
979 2028 1180 2095 „mamm
1196 2024 1447 2085 ,gestamm-
1487 2020 1490 2027 ’

146 2097 277 2167 parietem
299 2107 443 2162 caemento,
459 2099 531 2153 unde
550 2099 634 2154 Amos
647 2100 779 2171 propheta
797 2116 805 2153 ε
820 2097 873 2166 Qui
888 2099 929 2154 ri·

147 2185 216 2241 aurit
229 2187 360 2242 inminens
378 2199 491 2245 stantem
507 2205 583 2260 super
600 2205 705 2244 murum
720 2198 848 2246 terrentem
862 2189 930 2244 trul-

146 2276 376 2334 lamcameutarii
389 2282 518 2335 inmanu.
834 2276 836 2279 ’

184 2367 315 2439 Truncus,
330 2372 449 2444 proprie,
460 2372 531 2427 unde
546 2379 623 2443 poeta
640 2391 647 2427 ι

237 2463 340 2519 irunea
353 2480 404 2519 nan
414 2464 550 2534 frondibus
563 2465 640 2535 efficit
656 2466 788 2522 umbram.

1017 2119 1118 2175 Tunica
1132 2121 1241 2192 proprie
1251 2132 1294 2179 est
1306 2123 1389 2179 uestis
1409 2121 1461 2179 sub
1481 2121 1565 2194 pallio
1586 2130 1614 2178 et
1628 2121 1765 2193 signiDeat

979 2213 1111 2270 interiora
1122 2223 1242 2286 peccata,
1256 2215 1328 2271 unde
1346 2215 1499 2272 Dominus:
1516 2214 1569 2283 Qui
1581 2215 1637 2271 uult
1649 2215 1765 2270 tunicam

980 2315 1053 2361 tuam
1067 2307 1167 2374 tollere,
1182 2308 1285 2363 dimitte
1297 2307 1321 2362 et‘
1333 2316 1358 2364 el
1373 2308 1496 2379 pallium,
1509 2308 1536 2365 id
1551 2309 1624 2365 estsi
1639 2308 1764 2365 doctore

980 2410 1007 2455 te
1017 2398 1115 2471 quaerit
1123 2399 1351 2455 tollereiuteriora
1365 2408 1487 2472 peccata,
1499 2399 1764 2467 utinuidlam,confl·

172 2557 204 2570 ..
623 2558 629 2570 ι
716 2559 723 2572 .
937 2516 939 2521 ·
980 2501 1037 2548 tcre
1050 2491 1075 2546 ei
1090 2499 1118 2546 et
1136 2489 1272 2547 exteriora
1284 2499 1315 2545 ut
1325 2489 1659 2547 fornicationem'iuniea
1670 2491 1765 2558 etiam,

148 2557 252 2663 Dffc¹²f¹f
273 2573 374 2629 ⁰⁰¹⁹¹¹³
396 2558 547 2615 ¹¹¹¹m²¹¹¹¹¹¹¹
571 2566 659 2630 ωΡΜ
682 2567 835 2631 mmm·
859 2559 931 2616 ”¹¹⁰⁰
980 2585 1450 2657 queadharetcorpori,signilicat
1463 2600 1559 2643 curam
1574 2585 1677 2647 saeculi.
1693 2583 1767 2641 unde

148 2647 299 2723 v¹fss¹¹¹⁰⁵²
981 2676 1134 2735 Dominus:
1149 2678 1201 2747 Qui
1221 2680 1251 2734 in
1264 2695 1327 2751 agra
1342 2688 1381 2734 stt
1393 2694 1445 2733 nou
1454 2686 1600 2734 reuertatur
1616 2678 1707 2734 tollere
1723 2686 1767 2733 lu·

333 2743 409 2800 ΙΨ*
423 2746 513 2818 ’ΨΜ
528 2746 617 2802 ΜΝ
631 2754 751 2814 mma
980 2772 1070 2828 nicarn
1082 2789 1158 2827 suunt
1166 2788 1176 2837 ,·
1192 2772 1353 2828 etiterum:
1368 2771 1524 2842 Eaapoliasi
1539 2788 1580 2826 ms
1595 2772 1686 2827 tunica
1697 2787 1765 2827 meu.

147 2843 176 2890 ct
188 2834 270 2890 etiam
282 2835 310 2890 iu
326 2834 423 2893 lucin
436 2838 545 2912 legitur.
561 2837 666 2895 Dicitur
679 2838 762 2933 etiam
774 2837 857 2893 horno
868 2835 931 2892 ltin·
981 2858 1106 2914 Smin„
1129 2859 1212 2914 egam
1237 2874 1289 2930 pm
1312 2860 1490 2929 indumento,
1513 2859 1586 2915 unde
1612 2858 1765 2917 [lominum

148 2924 214 2991 tilis,
230 2926 465 2984 andesoletdiei:
482 2928 811 3002 lrtcsrtquaaitruncus.
827 2927 931 2985 Dicitur
982 2948 1036 3017 ρας
1064 2949 1141 3005 gage,
1161 2951 1229 3007 gg„
1257 2953 1372 3017 punga,
1396 2952 1441 3008 geg
1468 2969 1521 3008 „pm
1536 2951 1653 3008 ganamt,
1671 2952 1768 3025 signat

149 3017 233 3088 stirps
248 3019 290 3074 rei
305 3020 381 3091 origo
402 3021 584 3091 cognationis.
600 3020 803 3077 undedieitur:
819 3019 931 3075 lllerle·
983 3046 1064 3101 ,fiam
1093 3061 1194 3118 comus
1225 3046 1396 3113 humanum,
1426 3045 1498 3102 unde
1525 3043 1687 3103 Dominus,
1714 3043 1770 3112 Qu,

149 3114 250 3169 ‘⁶0¹⁸st
259 3115 298 3218 ,αὖ
312 3114 360 3170 ⁶⁰⁶
371 3123 474 3220 ΜΨ·
982 3138 1060 3194 liniet
1075 3140 1202 3204 tunicam,
1220 3140 1316 3194 uertant
1327 3154 1385 3193 eam
1406 3145 1432 3193 st
1456 3147 1526 3193 emat
1539 3137 1670 3211 gladium,
1685 3138 1769 3194 idest

188 3203 341 3311 Willis
356 3221 474 3278 lmine·
487 3205 568 3264 Νθῑθῐ
587 3209 668 3265 essim
692 3207 841 3280 mulleri·
859 3206 932 3264 Μ’
981 3229 1006 3287 si
1021 3230 1170 3288 necessitas
1185 3231 1316 3303 exegerit,
1335 3228 1423 3286 ildelis
1436 3243 1538 3301 corpus
1549 3244 1629 3287 suum
1650 3234 1770 3300 exponat

148 3297 307 3399 ¹1⁰¹d²¹¹¹²¹²
322 3317 331 3353 ³
983 3325 1131 3399 martyrio;
1147 3325 1193 3383 hic
1205 3324 1280 3382 enim
1300 3340 1351 3397 per
1365 3324 1485 3386 andium
1510 3323 1681 3397 signilleatur
1694 3338 1768 3379 mar·

186 3408 307 3467 ‘ammas
326 3414 479 3470 Aristoteles
496 3415 651 3471 trutinanda
662 3415 802 3469 cacumina
815 3430 914 3482 rerunt,
982 3419 1096 3492 tyrium.
1666 3472 1671 3483 .

220 3481 253 3536 ¹¹¹
264 3482 317 3536 ‘¹⁸⁰
329 3483 417 3538 ‘mm‘
430 3484 559 3555 Didium
572 3487 600 3540 ’Ἦ
613 3485 673 3540 ⁰¹⁶⁶
687 3486 749 3556 Μ’·
1014 3510 1119 3579 'Turba
1141 3511 1261 3584 proprie.
1278 3509 1385 3567 Dicitur
1394 3508 1540 3567 multitudo
1563 3507 1682 3575 turbata,
1696 3505 1770 3563 uude

188 3593 273 3661 Tala,
288 3594 406 3666 proprie.
424 3593 527 3651 Dicitur
541 3595 622 3652 etiarn
638 3596 813 3652 manilestum
823 3598 932 3668 signum
983 3601 1153 3671 Augustinus
1169 3617 1176 3653 ι
1192 3599 1263 3668 Quiri
1277 3609 1316 3656 est
1329 3600 1408 3655 turia
1426 3601 1478 3656 nisi
1494 3599 1638 3655 multitudo
1649 3598 1769 3663 terlata,

151 3686 180 3743 ln
197 3702 252 3758 qun
268 3687 369 3742 mortrui
393 3696 546 3759 resurgent,
561 3686 634 3743 unic
647 3687 794 3757 Apostolus
806 3706 814 3741 τ
826 3687 859 3743 ln
875 3705 932 3742 mo·
983 3695 1044 3765 etin
1057 3691 1482 3766 Euangeliolegitnrquoullesunt
1491 3690 1772 3763 sequebanturturbm

151 3790 250 3848 mento,
266 3779 293 3833 in
306 3779 361 3834 ictu
374 3777 455 3845 oculi,
468 3779 496 3833 in
510 3780 653 3835 tranrsima
672 3778 746 3846 lala,
764 3790 816 3836 etc.
831 3780 935 3836 Dicitur
984 3776 1777 3857 multarummultarurpropterutvarsasintentiones

153 3872 298 3930 manifesta
311 3872 476 3943 praedicatio,
490 3873 563 3929 unde
572 3873 707 3930 loannes:
722 3872 757 3928 Et
773 3873 844 3928 aliur
855 3890 935 3946 unge·
984 3876 1114 3949 sequendi
1132 3877 1271 3934 Christum
1281 3895 1289 3943 ;
1300 3876 1411 3947 quidam
1425 3877 1498 3932 enim
1510 3877 1695 3947 sequebantur
1706 3891 1775 3932 eum,

152 3964 195 4020 lus
209 3963 715 4036 luiacecinit,sthiciturpmdieator
731 3965 778 4037 qui
794 3965 868 4021 uana
883 3964 934 4020 tri·
985 3979 1016 4025 at
1028 3978 1187 4026 sanarentur
1201 3986 1218 4023 a
1231 3967 1403 4040 languoribus
1418 3968 1485 4035 ruis,
1506 3967 1553 4023 alii
1579 3976 1611 4024 ut
1625 3968 1773 4024 reiceren-

152 4057 293 4114 iulatione
305 4059 455 4129 productus
468 4068 510 4115 est
522 4058 550 4114 in
565 4058 771 4131 amplitudinem
782 4059 934 4129 eharitatis,
986 4074 1033 4121 tur
1057 4063 1252 4135 corporaliter,
1272 4062 1319 4119 alii
1344 4071 1374 4117 at
1400 4061 1526 4117 riderent
1547 4075 1611 4116 cum
1636 4060 1774 4117 miracula-

153 4151 226 4207 unde
251 4149 336 4208 Dauid
356 4167 364 4205 a
386 4151 418 4206 ln
438 4152 507 4207 tulis
527 4153 672 4209 ductilibus
685 4164 711 4209 et
724 4166 863 4224 noce,etc.
879 4155 936 4212 An·
986 4155 1149 4221 facientem,
1171 4153 1216 4209 alii
1239 4161 1268 4208 ut
1292 4160 1412 4223 caperent
1437 4167 1497 4206 euru
1517 4151 1547 4205 in
1565 4164 1693 4217 sermone,
1724 4148 1771 4205 alil

153 4243 335 4301 tonomastice
361 4246 445 4301 etiarn
477 4245 562 4303 Dauid
594 4247 693 4304 dicitnr
724 4249 788 4304 tuba
818 4246 937 4320 Spiritus
987 4243 1284 4315 zeloiilsliliaeuleilm
1298 4251 1492 4313 mitterentur·v

155 4335 252 4403 saneti,
272 4336 320 4406 qui
344 4337 416 4392 tubae
431 4345 606 4409 comparatur
628 4338 770 4410 multiplici
794 4339 827 4396 de
840 4355 934 4396 causa.
1025 4336 1148 4403 Tartari,
1161 4336 1281 4408 proprie.
1297 4334 1378 4393 Notat
1390 4334 1473 4391 variis
1493 4332 1705 4407 cogitationibus
1716 4332 1774 4391 dis·

155 4426 224 4484 llam
239 4427 341 4485 utimur
356 4430 430 4485 tubis
445 4430 473 4485 in
488 4431 631 4498 conuiuiis,
653 4432 681 4489 in
702 4432 788 4501 testis,
801 4433 829 4487 in
847 4433 935 4490 settis.
952 4435 975 4491 ii
990 4427 1072 4496 tratri,
1100 4427 1173 4483 unde
1191 4426 1324 4483 Dominus
1340 4446 1347 4483 =
1365 4425 1489 4494 narina,
1507 4424 1631 4495 Dareta,
1655 4427 1774 4483 rotiana

155 4519 216 4593 lpse
230 4521 303 4577 enim
320 4530 449 4593 anquam
473 4522 537 4578 tuba
553 4524 580 4579 iu
600 4523 677 4578 bellis
698 4525 859 4596 praecinens,
874 4526 936 4582 ait:
988 4537 1016 4576 er
1031 4529 1057 4576 st
1072 4520 1187 4576 turbaris
1197 4535 1260 4591 erpa
1271 4520 1397 4590 plurima.
1415 4516 1496 4575 Notat
1513 4517 1642 4577 lluctilrus
1656 4519 1774 4591 impelli,

154 4608 313 4665 Benedictus
335 4608 464 4665 Dominus
485 4611 555 4665 Deus
577 4627 649 4665 meur
672 4613 719 4684 gui
744 4612 819 4668 aocet
844 4632 938 4672 manus
989 4612 1153 4669 audemaro
1166 4612 1267 4668 dicitur
1281 4610 1395 4679 turbari,
1418 4609 1445 4666 id
1467 4619 1510 4667 cst
1531 4610 1628 4683 agitari
1655 4612 1699 4669 uel
1719 4613 1773 4668 iru-

155 4718 227 4757 uuas
239 4703 273 4758 ad
286 4703 419 4773 pralium.
439 4702 480 4759 Ad
493 4704 647 4760 conuiuium
661 4706 743 4761 etiarn
758 4706 879 4763 laetitiam
896 4709 939 4764 in·

156 4803 244 4863 tonat,
257 4797 351 4853 dicens
367 4816 375 4853 :
392 4796 425 4852 ln
436 4814 495 4853 uoce
505 4799 692 4856 exsultationis
705 4811 730 4855 et
745 4801 938 4871 confessionis:

156 4902 237 4941 sanus
251 4889 391 4958 epulantis.
415 4888 444 4945 ln
468 4890 576 4962 signum
591 4892 673 4947 etiam
689 4901 790 4949 nostra
810 4893 940 4950 solemni·

157 4978 233 5045 satis,
246 4980 284 5033 ait
300 4995 307 5031 ε
321 4978 465 5037 Burcinais
478 4983 505 5036 in
530 4980 676 5038 Neomenia
700 4986 763 5038 sula
784 4984 814 5038 in
833 4984 940 5040 diero-

158 5055 304 5126 lemuitatis
335 5079 443 5138 uestroe;
470 5080 497 5127 et
529 5071 591 5129 idco
620 5068 819 5144 Glos‘super
834 5073 940 5130 Psalle·

158 5159 230 5215 rium
245 5170 323 5217 vocat
334 5177 396 5217 curn
412 5164 477 5220 tuba
499 5164 617 5239 Spiritus
628 5163 727 5222 sancti.
743 5164 848 5220 Dicitur
862 5181 940 5221 corn·

159 5255 282 5320 minatio,
297 5254 369 5312 tunde
382 5257 511 5328 propheta
527 5276 534 5311 ι
552 5258 648 5316 Canite
662 5258 724 5314 tuln
746 5255 821 5313 Sion.
837 5256 943 5315 Dicitur

158 5344 354 5415 manilestatio,
368 5347 441 5404 nude
452 5347 479 5403 in
492 5349 654 5423 Evangelio:
667 5351 734 5409 Cum
746 5352 815 5422 lacis
829 5350 940 5408 eleemo-

157 5459 262 5516 synam,
278 5444 332 5498 nuli
344 5442 407 5499 tula
421 5460 513 5499 canere
522 5452 582 5500 ants
596 5452 630 5501 is.

196 5536 342 5610 lugarium
363 5545 406 5595 est
431 5552 515 5609 parra
538 5536 636 5596 domus
658 5554 719 5612 quae
739 5538 809 5598 solet
831 5537 889 5595 fleri
914 5537 942 5593 in

159 5629 248 5686 lrortis
270 5629 315 5685 rel
335 5628 363 5685 in
382 5628 481 5687 vineis.
505 5628 609 5686 Dicitur
632 5628 784 5689 ierusalem
810 5629 942 5699 desolata,

162 5722 233 5779 narde
248 5720 334 5781 isaias
350 5741 357 5779 :
371 5721 405 5780 st
415 5722 466 5780 erit
477 5724 546 5782 sicut
559 5725 692 5783 tuusriurn
708 5725 736 5781 ln
752 5725 942 5783 cucumerario.
996 5724 1027 5782 ln
1041 5727 1180 5782 trtraiuoto
1192 5720 1419 5779 mulctantam.
1432 5717 1536 5778 Dicltrn
1552 5717 1789 5783 ιιιιιιιιιιιὶιιίιι·.ἡ

989 4705 1067 4777 pelli.
1078 4703 1160 4760 Notat
1180 4703 1322 4775 infirmari,
1345 4703 1417 4759 ande
1435 4701 1518 4759 David
1533 4719 1540 4755 :
1557 4704 1691 4771 Quoniam
1711 4720 1774 4759 con-

991 4798 1098 4853 turbata
1110 4806 1171 4852 suat
1187 4798 1277 4852 omnia
1288 4812 1348 4851 oasa
1363 4811 1431 4863 mea,
1443 4795 1522 4853 idest
1536 4796 1682 4852 infirmata.
1693 4795 1775 4853 Nolui

990 4889 1090 4956 irasci,
1114 4887 1187 4944 unde
1211 4885 1315 4943 David:
1331 4885 1496 4944 centuriata
1518 4897 1617 4943 suntet
1642 4896 1776 4943 coarmata

990 4977 1159 5035 maallalel
1176 4979 1314 5050 paenitere,
1328 4979 1400 5036 uude
1417 4976 1545 5035 llalraeuc
1561 4995 1568 5031 ι
1586 4977 1774 5036 Tarlaluntur

990 5070 1070 5143 pellea
1084 5083 1161 5127 terra
1177 5071 1297 5140 salian,
1308 5080 1361 5128 etc.

1028 5162 1116 5219 tarto
1135 5162 1234 5220 dicitur
1256 5164 1385 5234 procella.
1402 5162 1506 5218 Dicitur
1527 5160 1686 5230 tribulatio,
1701 5163 1775 5219 undo

992 5257 1124 5329 proplrcla
1143 5274 1150 5311 ι
1170 5255 1407 5311 Altronrionsnta
1424 5252 1528 5308 turbins
1541 5262 1598 5309 ata
1615 5253 1716 5325 pluuia.
1728 5253 1776 5310 Di·

992 5350 1065 5406 citur
1087 5348 1169 5405 etiam
1192 5348 1296 5405 malitia
1324 5346 1367 5402 rel
1390 5348 1544 5416 persecutio
1569 5347 1609 5402 rel
1633 5346 1774 5405 damnatio

992 5443 1135 5521 daemonis,
1162 5443 1233 5499 unde
1247 5438 1321 5497 lob:
1342 5438 1417 5494 Diem
1437 5438 1514 5493 illuns
1529 5440 1678 5498 uaelrasur
1700 5442 1777 5498 turia

992 5536 1134 5607 possideat.

1030 5628 1126 5700 Turpe,
1137 5628 1255 5701 proprie.
1269 5623 1373 5682 Dicitur
1382 5624 1464 5684 etiam
1478 5625 1665 5695 inhonestum,
1680 5624 1752 5682 untlc
1767 5640 1776 5679 ι
