3992 6042
127 223 182 281 {29
646 217 768 276 sbttttn
787 218 832 274 bs
850 218 944 275 dll'll}
963 219 1245 278 inculcatorem.
1709 234 1761 290 lili

127 340 165 398 ιιι
180 337 345 407 imaginem,
360 336 445 407 pestis
458 337 509 393 ista
522 346 564 392 cst
578 345 744 392 tormentum
767 337 826 392 sine
839 335 955 399 miri-A
973 340 1022 410 tu).
1049 339 1080 396 m
1104 339 1224 396 lacobus
1241 360 1248 397 :
1265 341 1312 396 ira
1337 344 1389 397 oiri
1409 344 1546 413 justitiam
1572 362 1622 399 non
1637 358 1762 416 operatur

125 428 214 501 gerlo,
234 427 347 482 morbus
362 428 422 483 sine
443 425 575 491 remedio,
591 425 668 480 labor
684 425 744 481 sine
758 425 918 497 respiratio·
969 430 1041 503 (iac.
1062 434 1094 499 t).
1112 433 1145 487 Et
1169 433 1301 489 Salomon
1318 454 1325 491 ;
1342 435 1426 489 Fatui
1444 438 1538 491 statim
1552 437 1673 492 iudicant
1690 440 1760 494 iram

125 538 173 588 ne,
206 536 288 592 poena
317 520 377 576 siue
399 519 621 589 interpolatione.
634 517 692 573 llos
709 527 751 575 cst
773 528 916 590 peccatum
967 539 1066 585 suom:
1086 524 1131 593 qui
1153 533 1243 577 autem
1261 526 1417 580 dissimulat
1438 527 1508 581 iram
1536 544 1625 592 ruam,
1644 530 1760 586 callidus

124 613 201 682 quod
213 627 243 668 se
258 613 348 680 ipsum
364 612 454 681 punit,
467 625 497 666 sc
515 612 679 697 irnpunitum
698 627 752 666 non
769 610 915 680 relinquit;
966 626 1006 667 est
1028 613 1121 684 (Pron.
1138 616 1197 686 xrs).
1221 615 1266 669 i'ir
1287 610 1433 672 iracundus
1463 628 1589 688 prouocat
1611 622 1699 687 rixas,
1713 625 1760 695 gui

125 704 212 759 simul
225 704 343 758 maculat
354 711 381 758 et
395 702 510 767 cruciat,
531 702 613 757 simul
636 702 715 771 punit
726 701 916 769 ctguitiambie
966 706 1070 775 patiens
1092 718 1143 772 est,
1163 707 1267 777 mitigat
1293 711 1437 763 suscitatas
1458 710 1550 779 (Prou.
1580 714 1636 784 ιι).
1661 711 1710 767 lca
1729 713 1760 770 iu

123 803 170 847 est
184 795 285 847 carnus
301 791 348 861 qrri
364 807 398 847 ex
417 807 517 846 manna
543 790 679 857 nescitum
696 790 742 845 hic
762 800 804 846 est
815 790 916 846 termis
966 795 1028 848 siau
1042 796 1120 849 stulti
1130 796 1240 866 quiescit
1252 796 1353 868 (Eccic.
1373 798 1434 868 vti).
1452 798 1621 871 Gregorius:
1645 821 1655 855 ι
1672 802 1760 873 Spiri-

124 899 184 954 quo
196 882 271 939 lorice
282 891 352 953 (cap.
369 883 407 954 rr)
432 883 533 938 bodera
551 883 721 950 desiccatur;
736 882 781 938 bic
793 891 835 937 cst
845 881 916 952 igni-

124 985 171 1031 tus
183 991 296 1045 serpens
306 990 362 1045 quo
376 975 424 1029 lilii
438 973 522 1030 lsrael
547 985 721 1046 punguntur·
737 974 783 1030 lric
797 983 839 1029 est
850 974 915 1028 bru-

124 1065 197 1122 cbus
208 1080 264 1136 auo
279 1065 386 1121 ferretus
400 1073 481 1119 terrae
494 1064 690 1135 depascuntur.

160 1158 292 1231 Legimus
305 1159 368 1214 bliis
378 1157 462 1215 lsrael
475 1159 583 1214 caelitus
594 1173 694 1212 manna
703 1157 797 1213 datum
813 1156 912 1228 (Ecod.

123 1248 195 1320 sur),
207 1265 240 1304 ex
257 1265 313 1320 quo
333 1257 442 1305 serrato
453 1248 575 1304 scatebat
597 1247 741 1318 pluralitas
754 1248 887 1303 vermium
906 1265 913 1302 :

123 1339 165 1394 sic
181 1355 215 1394 cx
227 1339 331 1395 coelesti
345 1340 433 1410 gratia
445 1340 544 1394 collata
563 1338 646 1403 lldeli,
667 1340 875 1395 occasionaliter
886 1341 913 1393 in

122 1432 219 1486 animo
245 1432 356 1503 superbi
382 1432 506 1488 nascitur
531 1432 649 1498 inridia;
665 1441 692 1488 ct
706 1443 810 1504 quanto
825 1433 913 1504 magis

121 1524 214 1579 fidelis
242 1524 270 1578 in
297 1539 398 1578 ntanua
416 1524 536 1580 caelestis
559 1526 654 1596 genie
679 1526 822 1590 solidatur,
836 1535 913 1581 tauto

121 1617 213 1687 magis
229 1616 340 1686 superbi
360 1631 437 1671 niens
458 1617 485 1670 in
498 1616 606 1673 inuidiae
620 1633 741 1672 rcrrnem
754 1618 910 1673 resoluitur.

120 1705 254 1778 Legimus
278 1722 398 1763 vermem
423 1723 456 1763 ex
473 1707 574 1764 hedera
596 1718 703 1773 nstrum,
722 1709 802 1779 cujus
814 1710 910 1765 umbra

119 1795 208 1853 Jonas
226 1797 297 1869 (cop.
322 1802 360 1869 tv)
376 1814 391 1853 a
407 1799 509 1854 caloris
525 1799 626 1856 insultu
643 1799 850 1867 defendebatur,
863 1800 912 1856 he·

120 1888 219 1943 cleram
239 1888 362 1945 funditus
378 1892 547 1959 cort·osisse;
571 1892 612 1947 sio
636 1892 738 1947 inuidia
753 1893 833 1962 quasi
849 1909 911 1947 uer-

120 1981 224 2035 miser
239 1980 327 2036 nitore
340 1982 451 2037 uirtutis
476 1992 551 2048 nata,
574 1983 722 2052 puritatem
737 1984 911 2038 coraseicntiae

120 2087 178 2141 qua
199 2086 229 2126 se
255 2071 337 2126 bomo
350 2083 447 2127 contra
473 2081 558 2129 aestus
571 2074 700 2127 uitiorum
724 2075 804 2129 debet
817 2074 911 2131 deien-

119 2162 196 2227 dcre,
211 2159 336 2216 funditus
347 2162 485 2225 comedim
499 2176 526 2216 ιι
542 2171 623 2232 caput
636 2161 723 2229 lonae,
739 2163 766 2217 id
781 2172 823 2218 cst
835 2179 912 2219 nten-

119 2265 176 2309 tem
195 2255 316 2311 boarinis
338 2257 451 2312 cestibus
475 2256 607 2311 uitiorum
624 2257 747 2327 exponit.
763 2256 848 2312 Filios
870 2255 911 2311 ls-

120 2349 179 2402 rael
205 2349 233 2403 in
262 2349 373 2403 deserto
396 2348 605 2418 peregrinantes
631 2349 749 2418 legimus
770 2358 911 2417 serpentis

119 2438 218 2507 igneos
241 2453 393 2507 pupugisse
420 2438 515 2509 (Nurac.
548 2438 622 2507 xxti,
648 2439 690 2494 sic
706 2439 866 2493 claustrales
882 2454 909 2492 m

120 2528 205 2599 liujus
221 2529 315 2582 murrdi
338 2527 447 2583 deserto
463 2528 631 2594 exsulantes,
657 2529 704 2599 qui
725 2528 826 2583 debent
849 2543 910 2583 esse

967 894 1025 942 tum
1035 887 1068 941 ad
1083 888 1258 945 irascendum
1273 888 1379 945 laeilem
1392 891 1454 961 quis
1463 892 1563 960 poterit
1577 895 1755 951 sustinercls

967 977 1001 1033 Et
1013 979 1040 1033 in
1061 977 1196 1034 Psalmo:
1217 979 1374 1036 irascintr‘ai
1400 992 1425 1035 ct
1447 983 1529 1038 nolite
1547 1001 1654 1041 otccare
1668 987 1755 1058 (Psoi.

967 1071 1022 1141 tv);
1038 1079 1118 1138 poeta
1132 1072 1265 1126 etiamait
1281 1091 1288 1127 :

966 1159 1016 1214 lra
1030 1161 1261 1284 breoislurorest,
1280 1166 1398 1219 oninium
1412 1183 1481 1236 rege,
1501 1167 1547 1237 qui
1564 1168 1617 1221 nisi
1633 1178 1719 1237 paret,

967 1230 1085 1301 Imperat
1094 1248 1104 1296 ;
1126 1249 1186 1286 runt
1204 1234 1299 1303 fratris,
1315 1236 1385 1290 bunc
1399 1247 1427 1291 tu
1441 1254 1574 1306 routpescc
1588 1240 1700 1295 catenis.

1001 1342 1035 1396 m
1047 1343 1217 1400 Claudianus
1233 1363 1240 1400 τ

966 1433 996 1490 Si
1012 1446 1093 1502 uictu,
1112 1437 1136 1491 si
1149 1455 1233 1508 prauo
1244 1440 1330 1508 cupis,
1347 1442 1371 1496 si
1383 1442 1488 1496 duceris
1506 1442 1559 1511 iro,

966 1504 1074 1562 Seruilii
1085 1509 1299 1580 patierey'uguut.

1001 1621 1071 1679 Ecce
1102 1625 1291 1692 auctoritates,
1321 1626 1424 1698 quibus
1454 1628 1533 1698 quasi
1566 1627 1756 1699 spiritualibus

963 1717 1049 1772 armis
1065 1727 1163 1773 contra
1178 1719 1248 1774 iram
1260 1734 1290 1776 sc
1299 1722 1408 1776 munire
1419 1721 1753 1792 debaccatnattcusltde,

963 1807 1057 1870 bomo,
1077 1824 1160 1879 quam
1182 1825 1275 1880 prarae
1298 1812 1402 1867 sobolis
1430 1811 1547 1868 secunda
1573 1813 1611 1869 sit
1634 1814 1686 1870 ira.
1713 1815 1756 1870 Ab

963 1898 1003 1952 ira
1021 1900 1144 1969 procedit
1159 1901 1215 1955 odii
1230 1917 1340 1958 rancor.
1358 1902 1429 1968 Quid
1440 1905 1513 1958 enim
1527 1912 1570 1960 est
1583 1905 1688 1971 odium,
1701 1905 1756 1961 nisi

964 1989 1005 2043 ira
1019 1991 1188 2044 inueterata?
1200 1990 1239 2045 Ex
1254 2008 1287 2047 ca
1306 1994 1431 2048 nascitur
1444 1994 1635 2062 homicidium,
1655 2005 1755 2052 contu·

963 2082 1056 2147 melia,
1084 2082 1229 2150 detractio,
1248 2084 1360 2154 injuria.
1375 2083 1398 2139 0
1417 2085 1522 2151 homo„
1537 2087 1562 2142 si
1577 2087 1716 2154 irasceris
1729 2087 1755 2142 si

963 2171 1122 2240 proximum
1148 2172 1219 2236 odis,
1246 2174 1295 2228 tibi
1311 2174 1364 2244 ipsi
1393 2177 1572 2241 contradicis,
1586 2178 1633 2248 qui
1652 2178 1679 2232 in
1692 2193 1755 2233 ora·

964 2260 1040 2315 tione
1058 2276 1163 2317 mamas
1184 2264 1218 2317 ad
1244 2263 1417 2319 Dominum:
1444 2265 1555 2319 Dirrritte
1576 2267 1650 2321 nobis
1665 2266 1755 2321 debita

963 2362 1065 2417 nostro,
1083 2352 1153 2406 sicut
1167 2364 1192 2408 ct
1207 2370 1254 2408 uos
1280 2355 1443 2409 dimittimus
1466 2356 1629 2411 debitoribus
1656 2362 1754 2413 uostris

963 2445 1075 2516 (tracto.
1091 2449 1141 2516 rr).
1168 2448 1226 2514 Qua
1240 2446 1330 2502 fronte
1348 2448 1439 2503 debita
1464 2448 1564 2504 dimitti
1585 2450 1689 2520 poscis,
1706 2450 1755 2522 qai

964 2537 1090 2606 proximo
1102 2553 1246 2595 rancorem
1261 2539 1345 2593 aninti
1364 2553 1419 2594 iton
1439 2539 1575 2596 dimittis?

23 2626 29 2634 '
100 2623 179 2678 ‘teri
195 2621 242 2677 filii
256 2620 350 2686 lsrael,
367 2619 525 2690 frequentet·
540 2621 642 2676 invidia
655 2621 792 2688 laborant,
807 2620 910 2675 verutis
999 2627 1066 2684 Tres
1081 2638 1173 2685 autem
1187 2641 1252 2686 suut
1272 2632 1378 2701 species
1393 2632 1457 2699 ιω
1471 2633 1596 2703 quaedam
1611 2634 1639 2689 in
1657 2635 1751 2692 animo

118 2716 198 2772 enim
217 2715 267 2771 iste
287 2715 392 2770 habitat
406 2717 435 2769 in
450 2716 543 2770 cinero
555 2722 583 2771 et
597 2715 700 2780 cilicio,
714 2725 741 2771 et
756 2716 783 2770 in
798 2715 910 2785 puluere
961 2721 1096 2788 nascitur,
1113 2723 1160 2778 sed
1176 2738 1264 2793 usque
1275 2724 1309 2778 ad
1324 2724 1488 2779 exteriorem
1504 2724 1573 2779 iram
1586 2741 1640 2782 non
1652 2727 1753 2796 perdu-

119 2808 246 2872 latitans,
272 2808 367 2878 pungit
393 2822 481 2877 usque
495 2807 531 2862 ad
545 2815 674 2861 mortem.
699 2804 763 2861 llsce
777 2816 820 2862 est
836 2807 909 2862 tinea
961 2814 1049 2880 citur;
1063 2814 1120 2869 brec
1135 2826 1177 2870 est
1194 2815 1228 2869 de
1252 2829 1306 2885 qua
1322 2815 1422 2871 dieitur
1442 2814 1517 2880 :Qui
1533 2816 1661 2872 irascitur
1672 2817 1753 2887 [ratri

117 2914 184 2971 quse
207 2908 420 2969 purpuramenta
445 2899 578 2954 virtutum
603 2898 762 2955 demolitur.
788 2897 852 2955 tlaeo
866 2908 910 2955 est
961 2921 1021 2972 suo,
1045 2921 1105 2960 rcus
1119 2917 1158 2961 est
1169 2908 1276 2977 judicio
1292 2906 1404 2977 (datos.
1420 2909 1459 2978 r).
1475 2908 1546 2976 Quia
1565 2909 1613 2979 qui
1633 2908 1751 2965 interius

116 3003 214 3060 aerugo
229 3005 291 3058 quas
314 2989 473 3045 thesaurum
487 2991 628 3061 sapientiae
642 2991 823 3060 depraedatur.
839 2989 945 3071 Bru-C
961 2995 1030 3050 iram
1049 2997 1171 3052 retinens
1187 2998 1320 3068 concipit,
1346 3008 1457 3055 aeterna
1479 2999 1666 3055 damnationis
1677 2998 1752 3069 judi-

117 3082 190 3137 cbus
208 3081 262 3136 iste
286 3090 365 3137 terre
392 3081 509 3137 uirentia
536 3083 685 3148 consumit,
705 3083 769 3152 quia
795 3097 819 3138 st
840 3085 908 3155 quid
959 3088 1033 3143 cium
1062 3105 1116 3145 non
1134 3090 1240 3145 eradet.
1267 3088 1331 3146 llaec
1352 3092 1392 3147 ira
1417 3092 1589 3164 siguiiloatur
1604 3093 1751 3163 perillam

117 3173 184 3228 bani
202 3173 295 3243 operis
309 3172 379 3229 siret
395 3173 560 3240 innomine,
576 3174 675 3244 perdit.

153 3264 221 3328 liceo
233 3274 275 3320 est
288 3266 383 3334 pestis,
399 3279 461 3335 quae
475 3265 603 3334 arigelum
619 3266 700 3336 eiecit
713 3267 746 3323 de
757 3268 839 3334 caelo,
856 3266 908 3321 ho·

116 3362 221 3416 mistero
233 3357 424 3429 proscripsita
439 3359 578 3429 paradiso.
592 3359 648 3431 66
661 3358 726 3415 llmc
741 3360 812 3416 illios
824 3359 907 3417 lsrael

116 3452 146 3508 in
159 3452 269 3507 deserto
292 3452 445 3521 percussit;
473 3453 532 3507 baec
554 3462 651 3508 eorrtra
683 3453 784 3522 loseph
806 3453 906 3510 iratres

116 3542 252 3608 armarit3
269 3543 328 3597 base
343 3541 483 3597 Danielem
501 3542 528 3596 ιιι
545 3543 635 3598 ιιιιιιιι
650 3544 762 3599 leonum
777 3544 905 3612 demasic

116 3633 176 3687 liaeo
191 3634 300 3687 tandem
313 3633 401 3701 Caput
421 3641 546 3687 nostram
564 3633 688 3704 patibulo
702 3634 794 3690 crucis
809 3633 904 3691 allisit.

115 3721 246 3788 Obomo,
261 3725 335 3794 quod
357 3724 407 3779 tibi
428 3725 645 3780 emolumentum
659 3725 684 3781 si
697 3727 814 3793 inrides,
831 3728 906 3798 quod

114 3814 225 3870 lucrum
243 3816 265 3870 si
282 3816 375 3872 leves?
389 3814 429 3871 Tu
448 3816 576 3887 laqueum
592 3817 693 3887 aperis,
706 3827 733 3872 et
744 3816 822 3871 illurn
838 3817 904 3874 elio-

113 3909 170 3973 dis,
185 3917 214 3964 et
229 3909 343 3978 ipsemet
356 3909 383 3964 iu
401 3909 508 3966 foueam
531 3910 607 3965 cadis
621 3926 703 3980 quana
729 3910 798 3967 sacis
809 3912 821 3967 ι
834 3912 902 3968 durn

113 4000 188 4056 alios
213 4000 319 4057 laboras
335 4010 438 4069 tenere,
464 4002 522 4074 ipse
547 4002 668 4073 teneris;
684 4004 749 4060 dum
770 4004 841 4061 alios
855 4005 905 4060 de·

112 4092 257 4159 iraudarc,
284 4094 431 4165 deciperis.
448 4094 471 4150 0
486 4096 579 4162 bomo,
604 4105 730 4151 naturam
745 4096 902 4168 impugnas,

112 4187 279 4242 charitatem
297 4187 428 4256 debellas,
451 4197 477 4243 le
502 4188 591 4258 ipsum
613 4188 755 4257 molestas,
774 4205 850 4246 erras
874 4191 902 4246 in

111 4279 283 4347 proximum,
300 4279 416 4335 odeardis
445 4278 541 4333 beura.
558 4278 628 4333 Cum
653 4280 766 4336 deberes
789 4281 903 4337 aitcrIus

111 4372 214 4443 gaudia
240 4381 286 4426 tua
316 4371 405 4427 iacere
431 4371 636 4441 congaudendo,
656 4370 902 4426 alteriusdoloretn

112 4473 192 4520 turum
208 4463 300 4520 iacere
323 4464 504 4531 condolendo,
517 4479 579 4517 cnm
599 4463 626 4517 iu
637 4463 751 4518 alterius
762 4463 902 4518 miseriam

110 4566 189 4611 trram
215 4556 329 4612 deberes
352 4555 491 4610 miseriam
516 4555 616 4625 legere,
629 4555 657 4609 in
673 4564 698 4609 te
716 4555 776 4625 ipso
801 4563 902 4610 statum

109 4647 233 4718 proximi
249 4662 426 4718 cognoscere.
453 4646 514 4712 ero
526 4647 616 4701 tendit
630 4647 712 4701 liuor!
728 4662 783 4717 quo
796 4647 904 4717 prosilit

111 4740 208 4795 selusl
225 4755 281 4810 quo
306 4739 394 4794 lectur
407 4740 529 4795 iuridial
544 4739 610 4806 Quae
635 4741 748 4811 rumpit,
763 4740 903 4796 vinculum

109 4833 253 4899 amicitie,
265 4833 408 4889 charitatis
421 4834 568 4904 glutinum,
582 4832 673 4889 loedus
686 4833 799 4900 cruoris,
814 4834 902 4904 legem

108 4924 251 4983 naturalis
262 4925 387 4997 iustitiae.

420 5012 591 5071 cucurti.

398 5106 498 5162 Contra
537 5107 617 5161 iram.

145 5196 175 5253 Si
190 5197 351 5268 predicator
363 5197 423 5252 cult
436 5197 575 5251 hominem
588 5209 695 5250 armare
712 5204 807 5251 contra
818 5194 898 5261 iram,

106 5290 154 5346 luis
168 5300 263 5345 ntatm
277 5290 489 5347 auctoritatibus
510 5309 517 5345 ι
533 5288 626 5345 Onrnis
640 5290 686 5360 gui
698 5289 827 5345 irascitur
842 5289 900 5358 fra·

106 5382 145 5436 tri
156 5398 216 5449 sua,
233 5398 293 5436 reus
311 5384 361 5437 crit
372 5381 476 5451 iudicia
496 5380 606 5454 (daura.
619 5381 658 5450 r).
672 5380 706 5435 m
721 5378 824 5436 Paulus
836 5381 875 5435 ait
890 5398 896 5435 :

105 5473 157 5530 su
172 5490 226 5532 troo
247 5476 352 5530 occidat
368 5490 447 5545 super
466 5472 634 5528 iracundiam
655 5480 772 5528 uestram
784 5470 894 5542 (bobes.

897 3210 900 3215 >
960 3181 1171 3253 archisynagogi
1188 3180 1346 3237 defunctam
1370 3183 1399 3238 in
1424 3183 1557 3241 thalamo.
1574 3185 1623 3241 Est
1639 3185 1693 3241 alia
1709 3185 1751 3240 ira

958 3287 1021 3343 qum
1033 3272 1158 3342 procedit
1172 3271 1305 3342 usquead
1318 3272 1461 3342 generales
1476 3272 1668 3338 contumelias,
1689 3287 1751 3342 quae

958 3365 1071 3438 grauior
1091 3374 1144 3432 est,
1167 3373 1196 3420 ct
1221 3365 1353 3434 gebcunre
1367 3365 1495 3433 vicinior,
1510 3366 1545 3421 de
1557 3380 1612 3436 qua
1625 3365 1748 3421 dicitur.

959 3460 1125 3527 Quigdiacrit
1140 3458 1291 3529 fratrissa,
1314 3461 1404 3527 racia,
1423 3459 1450 3514 id
1473 3467 1515 3515 est
1529 3458 1670 3528 generales
1684 3471 1750 3512 eon-

956 3555 1085 3609 tumelias
1098 3553 1123 3609 ei
1149 3553 1305 3623 ingesserit,
1324 3569 1384 3608 rcus
1399 3553 1449 3607 erit
1465 3552 1579 3607 coucilia
1603 3550 1705 3623 (idid),
1721 3550 1749 3606 id

956 3656 998 3703 est
1009 3646 1127 3719 graviori
1139 3646 1245 3716 judicio
1257 3660 1321 3701 rcus
1335 3645 1398 3700 crit.
1415 3642 1479 3700 llaec
1490 3654 1582 3699 autem
1608 3642 1749 3712 signilica·

957 3745 1003 3793 tur
1015 3753 1064 3809 per
1089 3737 1175 3793 utiam
1188 3736 1279 3792 uiduae
1294 3734 1371 3807 (luc.
1385 3736 1447 3803 uti).
1462 3732 1532 3802 Quia
1548 3748 1611 3788 eum
1626 3732 1690 3804 quis
1704 3748 1750 3788 ex·

956 3835 997 3883 tra
1010 3834 1130 3882 rncntem
1144 3827 1178 3881 ad
1190 3834 1281 3880 aetum
1300 3824 1342 3878 ira
1368 3830 1547 3893 prouocatur,
1564 3820 1655 3876 anima
1670 3827 1748 3874 extra

956 3927 1032 3990 septa
1048 3918 1149 3973 mentis
1173 3915 1308 3986 usquead
1323 3914 1484 3970 exercitium
1506 3927 1598 3984 pratae
1610 3910 1749 3982 operatio·

956 4011 999 4067 nis
1011 4019 1120 4065 mortua
1131 4008 1263 4064 defertur.
1275 4006 1393 4072 ι(ὶιιιιιιιο
1410 4019 1478 4060 uero
1490 4019 1578 4074 usqrte
1592 4004 1626 4058 ad
1641 4002 1748 4073 specia-

956 4103 994 4159 les
1016 4098 1153 4173 nequiiias
1169 4099 1335 4158 contumelia
1353 4097 1516 4169 prorumpit,
1541 4095 1652 4167 grauius
1669 4093 1745 4149 lucit.

955 4195 993 4251 lle
1008 4206 1062 4266 qua
1075 4195 1196 4251 dicitur:
1212 4192 1264 4260 Qui
1279 4192 1377 4247 dicerit
1395 4190 1475 4261 [ratri
1492 4205 1551 4258 suo,
1575 4186 1673 4253 Fatue,
1686 4203 1744 4241 rcus

954 4289 1006 4343 crit
1020 4287 1144 4359 gebennas
1158 4286 1227 4357 iguis
1242 4284 1353 4355 (licitis.
1368 4284 1407 4354 ι).

990 4376 1073 4445 Quia,
1092 4385 1197 4447 quanto
1218 4374 1360 4446 graviores
1381 4380 1447 4428 sunt
1469 4370 1654 4437 contumeliae,
1668 4378 1746 4425 tanto

955 4467 1000 4522 ille
1015 4467 1062 4535 qai
1085 4464 1268 4521 contumelias
1296 4461 1407 4533 ingerit,
1432 4477 1495 4517 eum
1521 4461 1641 4517 infamiae
1657 4460 1745 4517 ictore

954 4555 1118 4625 corrumpit.
1144 4555 1172 4610 Si
1189 4555 1229 4609 ira
1244 4553 1271 4608 in
1285 4553 1379 4608 animo
1403 4552 1503 4620 oritur,
1518 4553 1546 4607 in
1572 4552 1686 4608 instanti
1701 4568 1746 4608 re·

955 4647 1089 4715 ireseum,
1103 4647 1169 4718 guia
1183 4645 1312 4702 allidendi
1326 4654 1392 4701 sunt
1402 4645 1508 4716 parvuli
1527 4645 1561 4701 ad
1578 4658 1682 4716 petram
1694 4661 1745 4701 an·

955 4750 1066 4811 tequam
1090 4747 1234 4806 crescant;
1255 4736 1408 4808 vulpecula
1423 4735 1573 4807 capienda,
1595 4745 1743 4807 antequam

954 4833 1063 4887 vineam
1090 4830 1255 4897 corrodant,
1280 4838 1307 4884 et
1334 4845 1415 4885 mane
1430 4828 1611 4900 primogenita
1636 4829 1743 4884 interir-

955 4923 1070 4988 cienda;
1083 4930 1110 4977 et
1124 4920 1300 4976 Chananaeus
1313 4919 1348 4976 de
1362 4930 1434 4975 terra
1449 4920 1642 4991 promissionis
1652 4919 1744 4989 ejicia-

953 5022 1013 5079 tur;
1027 5022 1054 5068 ct
1069 5012 1110 5069 sic
1121 5026 1174 5066 nou
1185 5009 1291 5065 occidat
1307 5009 1433 5066 salsuaer
1446 5011 1613 5065 iracundiam
1627 5020 1742 5064 uestram

953 5103 1062 5176 (Epiros.
1079 5103 1129 5174 rt).
1631 5090 1637 5104 '

987 5196 1058 5266 Quia
1072 5199 1114 5255 sic
1128 5205 1171 5255 est
1193 5197 1368 5254 irascendum
1383 5195 1481 5268 primis
1504 5196 1634 5259 motibus,
1650 5201 1683 5247 ut
1693 5206 1741 5264 per

951 5305 1119 5347 eonsensum
1139 5304 1195 5345 non
1214 5304 1371 5360 peccemus.
1388 5287 1544 5343 liumanum
1559 5292 1601 5340 est
1622 5282 1696 5338 enim
1710 5280 1738 5336 ia

949 5384 991 5439 ira
1019 5397 1143 5453 surgere,
1163 5382 1211 5438 sed
1232 5381 1399 5437 diabolicum
1413 5389 1455 5437 est
1476 5390 1661 5449 perseuerare.
1675 5371 1737 5430 Non

949 5477 1033 5548 pudet
1055 5476 1151 5542 irasci,
1175 5474 1223 5532 scd
1248 5489 1302 5529 non
1324 5473 1445 5530 incidere
1464 5469 1519 5541 67
1545 5467 1653 5539 eulpam
1668 5464 1739 5523 ⁸·.0

740 5565 858 5622 intrim
877 5565 1081 5623 nselmum.

142 5662 166 5695 ⁸⁴
187 5659 221 5716 ln
232 5661 286 5718 aiio
298 5662 444 5733 exemplari
455 5661 584 5715 labentur
596 5661 778 5730 sicscoucntia
794 5673 804 5714 :
818 5658 888 5727 Qrtia
906 5659 929 5715 si
943 5658 1158 5731 perseveraverit
1177 5656 1229 5725 ira,
1253 5655 1339 5743 cadet
1350 5668 1432 5727 super
1451 5667 1512 5711 cam
1540 5651 1588 5708 Sol
1609 5649 1735 5724 justitiae,
