3992 6042
124 256 175 361 tit
504 285 762 346 btsttrtcrtonns
781 270 970 335 nicttorttltt
988 262 1112 324 THEDL.
1128 292 1163 305 -
1180 235 1345 322 Pin-Qut,
1677 239 1735 299 Ol!

128 418 230 475 diciitll'
255 412 393 485 putridum
413 409 565 464 membrum
587 404 725 470 Ecclesia,
747 401 811 473 quia
831 405 858 454 Di
874 411 904 453 SD
917 401 941 458 Δ
954 406 1032 465 culus
1047 396 1239 467 vjtaefflqqdein
1257 387 1501 461 carminequpdqm
1519 358 1733 457 quidpmphyth.

126 506 277 576 corrumpit
294 512 322 561 ct
346 502 425 566 alios,
450 499 484 555 de
509 496 609 567 quibus
633 493 749 566 putridis
772 490 902 547 membris
952 494 1106 556 micusnit:

126 600 286 669 lrequeuter
299 595 421 664 loquitur
436 603 514 646 sacra
527 585 680 657 Scriptura.
1059 604 1094 660 1„
1105 611 1220 658 extremo
1237 599 1297 652 „pm
1331 610 1393 665 W

162 687 491 764 Pprpurdiatturpunetus
506 680 826 759 scacariiDiciturctiam
840 676 900 733 arti·
1062 673 1089 729 N
1093 690 1122 728 er
1137 683 1219 736 tuere,
1236 668 1281 738 pia
1319 665 1385 735 irqo.

907 895 965 1042 P

163 1131 304 1200 Quaerant
319 1128 418 1188 dicitnr
427 1127 569 1184 minimum
585 1128 691 1199 pondus
704 1127 777 1198 quod
785 1126 906 1183 eontinet
956 1125 1050 1183 inveni
1073 1139 1122 1198 per
1141 1119 1338 1196 paenitentiam,
1360 1113 1389 1170 ld
1406 1118 1449 1169 est
1460 1122 1509 1182 per
1518 1099 1736 1176 intelligentiam.

127 1226 182 1282 duo
196 1225 310 1291 minuta,
328 1222 400 1279 unde
419 1221 517 1293 legitur
533 1220 607 1288 quod
627 1220 726 1277 mulier
739 1219 907 1291 paupercula
994 1215 1124 1282 Domitio.
1145 1213 1248 1269 Dicitur
1264 1204 1413 1281 propositio
1427 1203 1456 1257 in
1472 1196 1641 1256 dubitatione
1653 1192 1738 1249 addu-

127 1317 226 1374 obtutit
254 1316 309 1372 duo
331 1315 446 1378 minuta,
460 1313 534 1384 quod
556 1320 599 1368 εει
623 1312 771 1383 quadrans.
802 1309 906 1365 Dicitur
958 1312 1013 1374 cta,
1025 1317 1055 1363 ut
1065 1306 1089 1362 sl
1111 1312 1249 1377 queratur
1275 1309 1365 1355 utrum
1381 1294 1480 1366 aliquis
1505 1293 1596 1363 iustus
1618 1286 1738 1345 salvetur

127 1409 210 1465 etiarn
231 1407 376 1463 minimum
405 1412 558 1474 peceatum,
579 1404 652 1460 unde
676 1404 704 1459 in
732 1401 905 1473 Evangelio:
959 1413 994 1453 ex
1014 1395 1128 1453 meritis.
1148 1393 1254 1449 Dicitur
1274 1389 1356 1447 etiam
1376 1384 1490 1458 quaetio
1505 1379 1571 1437 illud
1590 1375 1739 1434 dubitabile

129 1500 212 1556 nmen
222 1499 281 1553 dice
292 1497 338 1552 uti
349 1512 359 1551 .·
371 1495 432 1550 Non
445 1495 584 1551 caterinae
596 1496 677 1550 donec
691 1493 787 1549 reddat
800 1492 910 1548 nometi·
960 1488 994 1545 de
1008 1501 1064 1556 quo
1077 1486 1109 1543 itt
1122 1483 1246 1556 questio,
1262 1480 1411 1538 meandum
1422 1473 1495 1546 quod
1510 1469 1624 1542 quaestIo
1643 1465 1740 1524 dividi·

129 1606 202 1645 onum
220 1588 404 1661 quadrantem,
419 1587 447 1643 id
461 1594 503 1641 est
517 1586 578 1641 luas
589 1585 672 1641 etiam
685 1583 907 1653 minimum‘pec-
961 1588 1005 1634 tur
1018 1578 1046 1633 ln
1060 1577 1240 1648 quaestionem
1252 1576 1417 1643 quaerentem
1427 1574 1455 1624 et
1466 1562 1619 1635 quaesitam.
1633 1558 1739 1614 Dicitur

129 1691 231 1749 catum,
252 1679 325 1752 quod
341 1692 482 1750 nunquam
498 1677 560 1746 erit,
576 1687 630 1733 ete.
646 1673 696 1731 vet
710 1673 847 1746 quadrans
859 1688 910 1729 no·
959 1670 1042 1726 ειίιιιι
1059 1666 1204 1739 responsio
1225 1678 1287 1735 qum
1311 1667 1488 1730 extorquetur
1510 1669 1526 1709 a
1545 1668 1593 1709 reo
1614 1666 1663 1723 per
1681 1659 1740 1706 tor-

129 1770 258 1830 rissimns
269 1771 369 1827 dicitnr
382 1779 465 1838 terra,
481 1770 545 1841 qnia
559 1777 677 1840 quatum
696 1774 762 1823 eunt
777 1765 910 1823 elementa
960 1767 1062 1827 menta,
1075 1755 1149 1819 nude
1160 1753 1260 1825 legitur
1273 1747 1470 1823 quaestionibus
1481 1742 1591 1800 credere
1602 1747 1738 1812 oportere,

128 1852 157 1920 ἐι
172 1861 285 1917 interior
300 1860 439 1931 quadrans
452 1866 495 1916 est
507 1854 578 1915 terra
589 1866 618 1915 et
634 1857 763 1924 deterior,
783 1854 856 1927 ignis
865 1854 911 1921 ssi·
960 1849 1033 1905 unde
1056 1845 1244 1919 questionarii
1268 1844 1398 1900 dicuntur
1420 1835 1565 1897 carniliees
1584 1831 1665 1904 qnia
1685 1830 1742 1886 reis

130 1950 240 2022 gnificat
249 1949 420 2016 charitatem,
432 1963 479 2005 aer
487 1948 571 2004 vitam
585 1955 725 2013 aeoernam,
740 1960 811 2016 aqua
821 1943 912 2015 bapti*
961 1946 1123 2009 extorquent
1132 1937 1273 1993 veritatem
1287 1950 1336 2006 per
1347 1940 1494 1989 tormenta.

48 2094 54 2103 .
130 2055 231 2108 smum,
246 2049 440 2096 terraomnem
457 2039 674 2111 corruptionem
690 2045 718 2094 et
738 2037 791 2092 boc
807 2044 850 2092 est
862 2034 912 2089 rio·
997 2028 1092 2097 Qualia
1114 2027 1260 2099 aliquando
1282 2023 1392 2096 ponitur
1415 2020 1529 2082 induite,
1555 2015 1627 2072 unde
1646 2030 1654 2070 r
1671 2012 1744 2066 Deua

131 2147 179 2189 ricc
203 2131 333 2202 persoluat
347 2129 519 2186 nouissimam
536 2129 720 2200 quadrantem,
750 2124 779 2181 id
796 2132 838 2181 est
847 2138 912 2196 om·
962 2129 1061 2179 nonest
1071 2120 1169 2195 qualis,
1181 2119 1208 2174 id
1220 2115 1331 2174 estsine
1342 2112 1483 2186 qualitate.
1495 2107 1610 2165 Ponitur
1623 2105 1743 2160 interro·

132 2219 177 2275 nia
193 2227 302 2290 peccata
313 2233 374 2289 quae
386 2233 436 2288 per
448 2229 548 2272 terram
563 2215 750 2288 designantur.
864 2208 868 2218 “
962 2215 1052 2289 gative
1072 2222 1100 2270 ει
1123 2210 1259 2286 signifieat
1289 2204 1460 2279 qualitatem,
1485 2201 1558 2257 unde
1586 2196 1686 2254 dicitnr
1713 2193 1744 2248 ln

168 2312 316 2384 Quadriqa,
329 2312 462 2384 proprie?
469 2311 575 2368 Dicitur
604 2310 761 2382 evangeliea
776 2308 911 2377 doctrina,
962 2307 1041 2364 Cant.
1058 2303 1174 2373 :Daulia
1189 2311 1228 2360 eat
1240 2299 1351 2357 dilemur
1366 2307 1437 2353 taur.
1452 2293 1568 2352 Ponitur
1585 2289 1697 2347 relative
1716 2295 1744 2341 ct

132 2420 194 2478 qnae
206 2415 324 2477 quatuor
334 2405 410 2473 rotis,
424 2405 451 2461 id
466 2413 508 2461 est
521 2412 639 2477 quatuor
652 2402 826 2475 evangelistis
839 2402 913 2458 inni·
962 2397 1093 2471 praedicat
1108 2382 1228 2453 divinam
1244 2403 1382 2457 naturam,
1394 2396 1425 2446 ut
1437 2402 1500 2443 eum
1512 2382 1611 2440 dieitur
1626 2396 1633 2433 ι
1649 2377 1745 2445 Qualis

133 2498 215 2568 titur}
230 2514 291 2570 qute
309 2499 439 2571 quadriga
454 2499 554 2555 dieitur
570 2513 631 2554 esse
642 2496 807 2569 dminadab,
824 2496 850 2551 id
871 2504 913 2552 est
963 2490 1058 2556 Pater,
1067 2488 1129 2545 tulit
1140 2486 1239 2542 Filius.
1247 2484 1281 2540 lit
1288 2492 1329 2540 εει
1342 2494 1458 2539 sensus:
1477 2476 1647 2544 Quocunque
1655 2469 1745 2525 nomi-

133 2588 251 2657 Christl3
270 2588 422 2646 aminadab
440 2589 513 2646 enim
528 2588 723 2659 interpretatur
741 2597 912 2659 spontaneus,
963 2597 998 2639 ne
1011 2575 1297 2653 qualitatirodePatre
1309 2567 1572 2645 predicamentum
1584 2572 1693 2630 natura,
1710 2576 1743 2617 eo

135 2679 262 2737 cbristus
282 2689 373 2736 numm
392 2688 540 2751 spontanee
560 2694 590 2737 se
609 2678 709 2736 obtulit
726 2678 783 2734 Deo
796 2677 871 2734 Patri
886 2678 913 2732 in
964 2670 1074 2730 nomine
1087 2670 1250 2744 predicatur
1265 2667 1298 2725 de
1309 2665 1389 2733 Filio,
1401 2672 1442 2729 nt,
1459 2658 1482 2718 si
1500 2658 1581 2716 Pater
1591 2665 1633 2714 est
1641 2655 1744 2728 justus,

134 2787 183 2828 ara
201 2772 307 2841 erucis;
321 2771 392 2828 unde
411 2774 439 2827 in
450 2771 529 2829 Cant.
547 2788 555 2825 ε
570 2772 667 2827 Anima
686 2787 744 2826 mea
758 2768 863 2825 turbata
874 2777 912 2823 eet
962 2764 1052 2822 ¹Filius
1065 2772 1108 2823 est
1119 2764 1212 2835 iustus
1222 2779 1229 2830 ;
1241 2761 1265 2817 si
1275 2758 1355 2815 Pater
1366 2764 1408 2814 est
1424 2755 1524 2819 bonus,
1541 2748 1627 2806 Filius
1643 2755 1685 2804 est
1697 2745 1747 2801 bo·

134 2862 210 2918 ualde
224 2872 330 2934 propter
351 2862 496 2934 quadriqaa
508 2861 669 2931 Aminaion,
685 2861 732 2919 hie
746 2869 836 2916 autem
851 2874 950 2960 qua(2
964 2880 1027 2922 nus.
1039 2861 1140 2919 Eadem
1155 2866 1220 2918 aunt
1230 2857 1312 2915 etiam
1323 2853 1410 2910 officia
1422 2849 1508 2921 hujus
1522 2844 1647 2905 nominis
1661 2858 1747 2917 quart-

135 2955 212 3026 driga
239 2954 299 3010 ideo
324 2954 426 3011 dieitur
446 2970 508 3011 esse
528 2953 641 3022 Christi,
666 2952 783 3024 quiade
805 2951 916 3009 curtato
967 2956 1038 3016 tasin
1050 2970 1127 3014 sacra
1138 2953 1349 3025 scripturaque
1360 2932 1744 3015 sunthnjusnominisqualr'r.

134 3045 422 3117 evangelicadoctrina
435 3045 507 3100 edita
521 3053 563 3101 est
579 3053 607 3101 et
621 3044 655 3101 ad
673 3043 759 3100 Deum
779 3044 875 3114 tendit,
888 3053 918 3101 et
1002 3047 1088 3114 Quam
1102 3044 1213 3117 ponitur
1229 3037 1422 3110 comparative,
1450 3034 1522 3090 unde
1544 3029 1638 3087 Cain:
1658 3023 1749 3095 llap'or

136 3152 184 3207 Per
201 3152 260 3192 Μ
283 3136 350 3193 fides
365 3134 467 3192 Christi
488 3151 536 3207 Pel
556 3135 715 3192 universum
732 3135 827 3191 Orbem
846 3136 916 3192 dila·
966 3148 1005 3198 ert
1015 3139 1142 3209 iniquitas
1157 3151 1215 3190 ntea
1226 3148 1306 3204 quant
1318 3142 1346 3186 ut
1358 3130 1460 3184 ueniam
1472 3138 1583 3189 mercar,
1596 3121 1623 3176 id
1637 3127 1678 3175 εει
1692 3117 1747 3171 ini-

136 3214 192 3305 tata
212 3237 264 3283 est.
287 3226 390 3283 Dicitur
408 3235 557 3284 conventus
574 3234 742 3293 sanctorum,
768 3225 840 3281 unde
863 3224 917 3281 lla·
966 3233 1056 3304 quites
1078 3245 1138 3286 mea
1161 3242 1214 3283 non
1241 3231 1361 3281 meretur
1390 3219 1516 3284 veniam,
1540 3216 1584 3272 vel
1611 3209 1749 3282 iniquitati
1859 3220 1861 3224 ·

137 3321 197 3378 Μ·
215 3320 270 3378 ²¹3¹
289 3321 425 3394 Dfldsffloe
437 3330 490 3377 Μ
501 3320 623 3376 miiaiin·
736 3332 743 3372 ἕ
966 3339 1035 3381 mee
1060 3338 1116 3379 nou
1140 3318 1252 3376 debetur
1277 3315 1369 3370 venia.
1389 3312 1509 3368 Tenetur
1530 3305 1612 3363 etiam
1637 3299 1749 3358 elective

174 3410 346 3482 Qwsffll’lw
372 3404 440 3468 '³⁰⁰0
462 3420 504 3468 ⁰⁵1
529 3410 683 3482 Similiter
713 3410 915 3484 ⁸itlnifl0³¹i⁰¹1e
967 3392 1750 3487 sivenegative,undeDavid:DonumertrperareinDomi·

136 3501 253 3574 plurale,
273 3500 426 3572 aequipollet
443 3501 516 3556 enim
536 3502 599 3557 lmic
623 3502 728 3557 nomini
741 3510 871 3572 quatuor,
886 3510 918 3557 ut
968 3522 1001 3562 no
1012 3520 1090 3579 quant
1102 3501 1244 3574 tpararein
1256 3497 1431 3570 principium.
1453 3492 1573 3548 Tenetur
1585 3483 1748 3544 admirative

139 3594 176 3651 ὀὶῑ
188 3608 285 3649 ⁸²⁰⁸ssss
298 3611 305 3649 :
319 3591 490 3662 Quadruplex
503 3600 543 3649 ιιι
556 3591 731 3663 ἰιίιῑίὶιιιῑίι
743 3607 827 3647 ιαιιιῑ
844 3589 918 3647 Scri·
967 3598 1010 3654 vel
1025 3593 1250 3659 commendative,
1263 3589 1334 3646 unde
1346 3585 1429 3642 David
1444 3602 1451 3639 ε
1466 3582 1534 3638 Eece
1552 3595 1631 3651 quum
1654 3575 1749 3661 inruunt

139 3693 235 3755 Dima
249 3683 276 3738 5¹¹
291 3690 334 3742 θθῑ
348 3690 467 3752 ‘limium'
481 3690 545 3746 sunt
556 3680 740 3751 inlelliiessliae
750 3695 835 3747 ⁵²9¹ae
845 3681 919 3736 Scri·
967 3700 992 3747 et
1006 3706 1084 3763 quant
1095 3687 1250 3758 iocundum.
1263 3683 1376 3740 Ponitur
1392 3676 1556 3752 copulative,
1580 3669 1652 3727 unde
1663 3687 1671 3725 :
1684 3666 1750 3724 lam

4 3780 5 3845 J
84 3820 86 3825 v
139 3785 236 3848 Plum-
254 3773 480 3845 Aliquassdfflss
495 3771 612 3829 Γθῖθῐῑῦΐ
626 3771 660 3827 ad
677 3772 862 3843 Plffllffmeffl
879 3772 918 3826 lei
969 3782 1042 3838 berria
1057 3794 1135 3834 auant
1153 3777 1231 3832 malit
1247 3774 1336 3829 reddet
1349 3772 1421 3828 Deua
1437 3768 1581 3825 retundunt
1598 3762 1703 3830 merita,
1722 3760 1750 3815 ivl

140 3867 286 3935 oedmodi,
302 3864 542 3923 ulcssmdieilurt
572 3861 747 3933 Quadruplex
775 3872 816 3918 ιιι
841 3877 919 3919 twa
969 3880 1011 3927 est
1020 3868 1099 3926 bonis
1116 3877 1143 3925 et
1156 3867 1246 3923 malis.
1259 3866 1378 3921 Tenetur
1390 3858 1595 3932 aequiparative,
1609 3851 1751 3910 undeSta·

141 3959 290 4029 Scriptura,
309 3958 336 4013 ld
349 3965 389 4014 est
400 3955 569 4028 quadruplex
581 3953 751 4027 intelligitur.
766 3952 919 4025 Aliquando
970 3962 1024 4018 qus
1043 3980 1050 4016 ;
1067 3959 1157 4016 Bono,
1172 3968 1211 4013 ear
1228 3956 1296 4011 Dm
1310 3952 1501 4025 perinjurium,
1514 3947 1540 4003 id
1556 3953 1598 4001 cst
1610 3958 1687 4014 aeque
1700 3942 1750 3997 bo-

140 4052 223 4109 enan
241 4051 341 4107 dicitur
355 4048 534 4121 quantuplex,
555 4047 584 4102 id
605 4046 918 4117 unquentorum,
969 4062 1060 4109 nnn
1070 4052 1170 4122 jasius.
1184 4046 1218 4103 m
1231 4045 1334 4104 seneen
1348 4043 1414 4117 uren
1429 4039 1534 4111 :mque
1548 4037 1583 4092 an
1597 4030 1752 4089 tentaran-

142 4143 214 4201 unde
225 4141 406 4214 Hieronymus
413 4139 449 4195 in
462 4136 577 4211 Proloqo
587 4137 627 4194 ait
637 4136 783 4193 leremiam
798 4136 920 4207 plantis·
970 4139 1153 4211 antarpiuar
1166 4154 1245 4211 qnam
1258 4134 1365 4191 laudari
1381 4133 1413 4187 ob
1429 4130 1527 4200 turpia.

141 4252 172 4295 ae
186 4235 399 4292 destructionem
411 4231 562 4289 ierusalem
577 4229 749 4301 quadruplici
763 4228 917 4300 alphabeto,
935 4237 958 4296 ι)
1006 4234 1118 4302 Quaqua
1137 4238 1213 4288 porat
1233 4227 1422 4293 aeternitatem,
1445 4206 1526 4280 unrle'
1537 4218 1647 4275 Boetius
1662 4237 1668 4271 ι
1685 4213 1752 4269 llicit

141 4329 170 4385 id
180 4335 223 4384 est
236 4326 379 4397 alpbabeto
393 4332 491 4396 quater
509 4323 634 4395 repetito,
651 4322 716 4393 quia
731 4330 829 4393 quater
842 4336 922 4391 repe·
971 4325 1076 4398 quaudo
1089 4322 1258 4394 suittempur.
1272 4316 1354 4374 Notat
1368 4325 1486 4393 tempus,
1500 4320 1528 4368 et
1541 4321 1606 4367 tunc
1621 4306 1748 4379 quando·
1801 4324 1808 4332 ·

142 4421 175 4477 tlt
186 4419 291 4475 litteras
301 4415 437 4488 alphabeti
447 4414 598 4472 secundnm
609 4413 720 4470 ordines
731 4427 826 4469 earum
838 4427 922 4482 appo·
973 4430 1026 4486 que
1038 4411 1230 4485 interrogative
1241 4416 1358 4475 tenetur,
1374 4406 1446 4462 unde
1462 4402 1544 4458 David
1561 4420 1567 4455 :
1585 4396 1697 4466 Quande
1711 4411 1753 4450 oe-

143 4482 232 4567 n‘endo
247 4508 333 4565 initiis
343 4505 481 4566 versuum.
973 4509 1046 4563 niam
1057 4517 1082 4562 et
1097 4503 1236 4576 apparebo.
1252 4501 1367 4559 Ponitur
1378 4498 1492 4564 induite,
1508 4494 1580 4551 unde
1593 4488 1676 4547 David
1690 4507 1697 4544 :
1711 4484 1753 4541 Ne

178 4602 304 4669 Quadrato
318 4601 360 4657 rel
374 4601 519 4672 quadratur
538 4603 608 4674 lapis
626 4601 728 4658 babens
749 4609 867 4670 quatuor
879 4600 921 4654 la·
972 4598 1077 4671 quando
1088 4596 1212 4666 rapiatur
1224 4593 1263 4649 leo
1274 4594 1491 4646 animummcam.
1506 4583 1619 4642 Ponitur
1628 4579 1753 4647 relative,

144 4703 201 4750 tem
218 4693 343 4764 aequalia.
362 4692 467 4749 Dicitur
481 4693 564 4750 etiam
581 4694 683 4754 sanetis
695 4692 842 4748 virtutibus
856 4706 923 4762 qua·
974 4691 1046 4747 unde
1056 4688 1189 4746 Dominus
1206 4686 1245 4742 ait
1261 4682 1465 4740 Samaritanae':
1480 4678 1540 4735 Erit
1554 4687 1654 4747 tempta
1666 4688 1754 4745 quart·

144 4786 249 4854 dratus,
264 4786 336 4842 unde
352 4786 450 4857 legitur
463 4786 492 4842 in
509 4788 594 4857 llpoc.
615 4785 688 4855 quod
707 4785 829 4841 eoelestis
840 4783 922 4857 lerp·
973 4783 1008 4837 de
1025 4782 1067 4835 lrie
1084 4796 1130 4835 nee
1144 4779 1181 4834 ibi
1195 4776 1351 4833 adorabitur
1365 4773 1445 4840 Deus,
1459 4771 1486 4827 id
1502 4780 1544 4827 est
1559 4768 1587 4823 in
1607 4781 1661 4838 quo
1682 4771 1753 4818 tem-

145 4875 231 4932 salem
257 4876 387 4932 aedificata
400 4884 442 4935 εει
469 4892 504 4932 ex
520 4877 656 4949 lapidibus
688 4877 814 4949 quadris,
834 4875 861 4932 id
882 4884 924 4932 est
975 4888 1051 4944 pore.

145 4968 259 5035 sanetis.
1010 4961 1139 5028 Quartus.
1159 4958 1313 5031 Aliquando
1333 4966 1409 5013 notat
1426 4955 1549 5012 ordinem
1565 4950 1593 5005 in
1611 4947 1753 5017 dignitate,

181 5060 307 5127 Querere
320 5062 441 5132 proprie.
455 5059 549 5135 Signat
562 5061 645 5119 etiam
665 5060 779 5126 imitari,
796 5058 860 5131 qnia
877 5057 925 5130 qui
975 5064 1006 5112 nt
1022 5054 1045 5111 si
1071 5053 1159 5109 dicam
1175 5071 1181 5106 ι
1196 5050 1250 5106 late
1279 5058 1346 5104 tenet
1372 5056 1497 5119 quartum
1509 5045 1597 5097 locunt
1619 5040 1647 5094 in
1665 5037 1755 5093 Eccle-

145 5151 230 5213 tllunr
245 5153 701 5226 quaerit,e1usvestigianequitum
726 5149 797 5207 unde
820 5149 924 5207 lsaias:
975 5149 1027 5203 tia.
1044 5143 1198 5216 Aliquando
1215 5151 1292 5199 notat
1310 5140 1433 5196 ordinem
1452 5136 1480 5190 in
1495 5133 1609 5197 mundo,
1629 5130 1703 5186 unde
1727 5128 1755 5183 in

146 5243 264 5313 Quane
285 5243 428 5299 Dominum
443 5244 507 5298 dunt
520 5245 631 5300 inueniri
645 5251 741 5315 potest,
759 5241 880 5312 querite,
901 5247 927 5295 et
976 5238 1045 5293 Dan.
1062 5234 1149 5291 :Ecce
1159 5233 1231 5289 uideo
1244 5244 1357 5305 quatuor
1368 5230 1437 5284 uiros
1452 5223 1615 5280 ambulantes
1629 5223 1656 5277 in
1669 5219 1755 5274 medio

146 5336 292 5392 inuenietis.
305 5332 387 5391 Notat
396 5335 567 5405 interrogare,
579 5334 652 5391 unde
664 5332 797 5389 Dominus
806 5346 854 5402 per
864 5344 927 5401 pro·
976 5328 1054 5399 ipris,
1075 5334 1100 5381 et
1124 5325 1220 5395 aperiet
1245 5322 1334 5395 quarti
1347 5316 1449 5374 'similit
1470 5324 1509 5370 rat
1532 5312 1604 5369 nitro
1623 5312 1679 5367 Dei.
1699 5308 1757 5363 tlt·

146 5428 256 5500 phetam
265 5426 321 5482 ait:
338 5423 462 5480 inuentae
477 5440 536 5478 tarr
547 5441 564 5478 a
576 5441 627 5479 non
639 5422 817 5495 quaerentibus
832 5436 883 5485 rna,
900 5418 928 5474 id
971 5418 1086 5493 ,quando
1096 5426 1172 5472 notat
1182 5416 1304 5472 ordinem
1318 5414 1345 5467 in
1358 5421 1489 5480 tempore,
1502 5405 1574 5462 urrdc
1585 5403 1695 5475 legitur:
1705 5398 1757 5455 lob

147 5527 189 5581 est
208 5534 224 5574 a
239 5516 442 5591 gentibuquute
454 5529 510 5571 uon
523 5515 728 5587 interrogabant
746 5514 781 5569 de
797 5527 851 5568 me.
870 5509 926 5566 No·
978 5510 1030 5583 [uit
1042 5518 1152 5580 quartur
1167 5508 1195 5562 iu
1210 5505 1293 5562 Esau.
1313 5500 1469 5573 Aliquando
1490 5505 1568 5553 notat
1582 5494 1706 5551 ordinem
1726 5491 1757 5548 in

147 5620 188 5667 tat
200 5609 368 5682 inuettiqare,
384 5608 456 5666 unde
473 5628 480 5666 z
496 5607 612 5674 Qaoetiui
628 5615 653 5662 et
668 5624 717 5662 non
732 5606 828 5673 inueni,
844 5603 870 5659 id
885 5610 927 5659 est
978 5602 1051 5669 loeo,
1063 5600 1140 5672 juxta
1155 5596 1379 5672 quodsolctdiel
1393 5615 1400 5651 ι
1413 5591 1467 5651 lete
1479 5590 1517 5649 uel
1530 5592 1580 5647 iate
1594 5587 1663 5644 tedet
1677 5596 1762 5661 quattr-

149 5688 308 5791 investigavi
322 5702 447 5764 irr'snoris
460 5700 611 5774 Scripturis
622 5698 726 5770 lesum,
739 5700 860 5775 sedeam
871 5712 926 5753 nou
980 5703 1021 5750 trn
1034 5694 1061 5749 in
1074 5707 1174 5753 ιιιειιιε.
