3992 6042
224 271 276 329 350
856 256 962 315 hLle
979 257 1025 312 llE
1043 253 1179 313 institis
1785 235 1842 295 360

224 388 262 442 tia
277 395 330 453 est,
345 386 536 443 erubescentia
550 384 584 438 de
602 379 789 437 corriessronc.
802 374 870 431 Cum
884 375 958 431 enim
972 374 1009 429 oh
1023 382 1047 437 Α
1059 383 1110 440 εει,
1124 380 1153 426 ει
1166 368 1253 441 magis
1263 366 1410 423 absurdum
1425 360 1499 433 quod
1510 358 1635 416 comedat
1646 369 1746 426 corpus
1760 352 1843 409 Chri·

223 478 291 534 alias
304 477 540 534 causas-instituta
557 475 593 529 sit
605 471 709 544 peccati
722 468 871 534 coelestio,
883 467 1008 523 instituta
1061 464 1107 521 sti.
1121 463 1200 530 ltcm,
1217 476 1279 517 eum
1296 456 1409 528 sanguis
1432 453 1535 510 Christi
1549 449 1716 522 glorificatus
1730 447 1775 512 sit,
1789 459 1844 503 mo

224 572 359 628 estetiam
373 579 402 625 ut
417 567 604 626 erubescentia
618 579 667 636 pro
681 571 794 635 peccato
812 562 892 617 cedat
909 559 937 614 in
952 573 1010 629 pes·
1060 554 1144 612 laciat
1169 554 1282 610 localem
1306 548 1463 606 distantiam
1481 545 1515 611 ⁸⁸,
1528 543 1636 599 ridetur
1653 538 1727 611 quod
1745 538 1842 600 calioa,

226 679 302 728 narn,
316 664 422 721 ratione
443 662 525 717 etlam
544 659 709 730 quandoque
728 652 924 720 satislaciendi,
945 650 1011 722 quia
1062 650 1167 719 repleto
1180 647 1324 718 sanguiue,
1340 645 1411 700 alius
1426 642 1516 713 liquor
1531 629 1842 735 possitinirndizltem,

226 756 279 812 nisi
290 763 415 826 peccator
427 752 563 809 sacerdoti
587 749 756 813 revelaverit,
779 747 900 818 ipseper
917 742 1010 815 injun·
1061 738 1187 795 Christus
1205 737 1243 791 ait
1253 737 1281 790 in
1300 732 1467 805 Evangelio:
1484 725 1646 797 Omtrequod
1667 725 1695 778 itt
1709 738 1737 778 os
1748 730 1843 787 antrat,

225 860 298 903 etam
316 845 532 903 satisfactionem
548 857 602 898 non
616 840 768 913 potenteis
782 839 894 895 mederi.
1061 834 1090 887 itt
1115 845 1243 886 secenum
1257 828 1390 884 emittitur
1415 821 1536 893 (llutth.
1556 820 1618 887 rr).
1645 815 1717 887 Ergo
1740 812 1845 871 Christi

507 955 623 1013 CAPUT
651 952 729 1009 qu,
1063 938 1164 992 corpus
1178 937 1233 977 non
1248 921 1333 975 intrat
1351 918 1378 974 in
1392 933 1424 973 os
1438 914 1549 988 quando
1563 911 1596 968 ad
1621 906 1844 966 manducandum

228 1053 325 1125 Opinio
344 1052 525 1107 itereticnruut
543 1048 589 1120 qui
600 1055 695 1118 neqorrt
707 1062 801 1117 punem
815 1046 1013 1101 trunsauhstarr·
1063 1014 1154 1078 (Μ’
1169 1012 1213 1068 ”⁹¹
1224 1012 1252 1067 3¹¹
1266 1025 1404 1067 ⁸⁸⁰ss⁵⁵¹¹¹¹¹
1417 1007 1562 1064 ‘millimi-

455 1122 516 1175 tiuri
533 1116 788 1188 incorrectores.
1348 1118 1462 1177 CAPUT
1474 1117 1562 1173 mn·

264 1214 363 1271 Dicunt
376 1213 459 1270 etiam
473 1209 577 1281 praelati
594 1209 725 1273 haretici,
739 1223 837 1279 panem
850 1223 904 1264 non
921 1217 1013 1263 trans·
1064 1213 1267 1269 praemistorum
1293 1212 1403 1280 animm,
1418 1220 1444 1266 ιι
1459 1210 1528 1281 qnod
1542 1209 1618 1278 pam}
1640 1204 1844 1261 remigem.
1912 1251 1917 1259 ,

228 1304 407 1364 substantiari
428 1303 455 1358 in
471 1316 572 1371 corpus
598 1298 700 1355 Christi
721 1314 769 1370 per
785 1306 881 1354 sancta
893 1298 916 1330 ⁸⁸
929 1298 1012 1354 rerba
1270 1284 1356 1339 tiutur
1373 1283 1401 1337 ln
1415 1297 1510 1355 coeptu
1523 1277 1635 1335 Clititli·

228 1414 289 1469 quae
300 1413 316 1452 a
327 1394 468 1452 sacerdote
480 1391 609 1447 dicuntur
624 1390 651 1444 in
664 1391 759 1445 missa.
772 1389 806 1444 Et
826 1390 879 1445 hoe
892 1389 932 1445 sic
951 1403 1015 1460 pro·
1101 1377 1142 1433 Ad
1159 1377 1275 1447 {trimam
1289 1374 1469 1445 objectionem
1483 1371 1600 1428 dicimus
1619 1368 1692 1440 quod
1715 1364 1845 1422 multilo-

228 1489 293 1543 lrare
307 1493 441 1542 conantur
460 1500 468 1538 t
491 1480 521 1537 Si
542 1479 657 1552 singulis
669 1480 766 1536 diebus
780 1482 860 1551 panis
875 1480 901 1535 in
915 1494 1015 1551 cornus
1067 1485 1132 1525 num
1143 1469 1195 1523 alia
1207 1475 1249 1523 est
1258 1464 1423 1530 alteratio⁸·,
1435 1464 1487 1518 alia
1497 1471 1539 1519 est
1546 1461 1677 1528 alteritas,
1690 1458 1743 1515 alia
1758 1465 1845 1513 trans-

227 1579 330 1635 Christi
348 1584 512 1638 mutaretur,
525 1573 593 1628 illud
607 1572 635 1626 in
649 1571 787 1627 intuitum
802 1584 959 1642 augeretur.
1066 1560 1267 1617 substantiatis.
1281 1558 1412 1614 hiteratm
1426 1557 1527 1613 dicitur
1537 1555 1583 1610 itta
1601 1552 1717 1609 mutatio
1732 1565 1794 1622 qua
1816 1549 1847 1605 dt

264 1671 398 1738 Quarum
411 1667 493 1724 etiam
507 1673 599 1721 utrum
615 1664 660 1719 ille
673 1664 753 1733 panis
767 1664 875 1719 desinat
888 1678 958 1719 esse.
984 1660 1013 1718 Si
1066 1650 1217 1707 iocundum
1232 1650 1391 1705 varietatem
1412 1646 1595 1704 accidentium
1620 1645 1649 1699 in
1669 1642 1764 1699 eodem
1778 1642 1846 1699 sub·

230 1764 330 1820 desinit
341 1776 413 1826 csse,
426 1758 605 1820 annihilatur,
622 1765 649 1811 et
668 1759 706 1811 ita
721 1757 803 1811 etiarn
819 1756 1013 1826 corrumpitur.
1031 1734 1146 1817 Blecto,
1162 1752 1264 1801 utrum
1278 1743 1388 1816 aliquod
1412 1741 1564 1812 subiectum
1576 1740 1665 1811 primo
1675 1745 1719 1795 est
1741 1736 1847 1803 album,

229 1856 296 1912 ltem
317 1860 452 1925 quaerunt,
478 1864 578 1920 corpus
604 1858 687 1904 tantae
700 1848 864 1919 quantitatis
877 1848 1016 1918 quomodo
1066 1847 1128 1908 post
1142 1838 1236 1909 incipit
1249 1852 1311 1893 esse
1328 1837 1447 1907 nigrum.
1463 1833 1620 1890 Secundum
1631 1834 1701 1889 hanc
1713 1830 1844 1888 mutatio-
1870 1898 1874 1911 ⁸

229 1948 314 2003 intrat
323 1960 371 2018 per
381 1959 413 2000 os
423 1942 554 1998 hominis.
568 1940 646 2007 ltem,
658 1941 681 1997 si
703 1955 804 2011 corpus
815 1938 917 1995 Christi
926 1954 1018 1995 eome-
1067 1947 1141 1998 uem,
1157 1930 1333 1987 concedimus
1346 1932 1395 1985 lias
1409 1927 1528 1983 :illitum
1547 1940 1608 1982 erat
1620 1926 1739 1997 nigrum,
1753 1923 1845 1978 alhnur

230 2040 314 2101 ditur,
331 2036 461 2093 alentibus
473 2034 608 2101 atteritur,
623 2042 650 2088 et
664 2032 702 2087 ita
714 2033 742 2087 in
759 2043 852 2103 partes
869 2032 1017 2100 diuiditur,
1069 2023 1181 2093 incipiet
1193 2037 1254 2079 8⁵⁸0
1264 2021 1384 2093 nitrum,
1398 2030 1426 2075 θῑ
1452 2020 1498 2077 fiel
1512 2020 1631 2091 nillum·
1657 2017 1734 2073 *¹²⁰0
1757 2027 1846 2073 aulem

230 2125 294 2180 item
308 2124 389 2195 panis
400 2121 430 2177 lt
443 2137 544 2193 eorpus
553 2121 670 2187 Christi,
684 2137 749 2193 ergo
762 2122 814 2177 erit
824 2136 925 2193 corpus
937 2121 1017 2178 Clari·
1070 2130 1214 2187 negamus,
1229 2113 1267 2170 ile
1279 2114 1341 2169 albo
1352 2113 1399 2170 liet
1411 2112 1531 2185 nigrum,
1555 2127 1589 2167 ne
1604 2111 1697 2168 album
1715 2110 1850 2181 intelliqa·
1876 2162 1883 2173 ,

231 2217 280 2283 sti,
292 2223 320 2271 et
332 2215 370 2270 ita
387 2214 460 2270 aliud
475 2229 558 2284 quam
580 2214 626 2268 sit.
645 2212 711 2269 ltern
738 2214 818 2285 panis
833 2216 879 2270 llct
905 2229 1018 2285 corpus,
1070 2218 1114 2262 tur
1124 2221 1186 2262 esse
1197 2206 1312 2260 materia
1325 2205 1394 2275 nigri
1408 2203 1430 2236 ⁸·
1445 2219 1539 2271 cnam,
1554 2203 1596 2272 de,
1611 2202 1752 2258 materiam
1761 2209 1848 2257 notat.

230 2301 340 2374 ergode
359 2316 430 2373 pane
447 2301 493 2356 liet
507 2316 608 2371 eorpus
629 2300 742 2367 Christi,
758 2312 785 2357 ct
806 2303 847 2358 sic
869 2304 949 2373 panis
963 2304 1018 2359 erit
1070 2300 1099 2354 ln
1112 2299 1163 2355 hac
1176 2300 1327 2356 mutatione
1337 2304 1430 2353 manet
1441 2295 1604 2367 subjeetum,
1617 2303 1728 2351 manent
1741 2301 1769 2351 et
1783 2293 1849 2348 suh-

232 2393 345 2448 materia
359 2392 484 2462 corporis
502 2391 606 2448 Christi
631 2392 678 2448 ⁸⁸.
698 2393 764 2447 ltem
790 2403 851 2464 post
876 2395 1020 2450 transsub·
1071 2391 1220 2458 stantialia,
1241 2390 1359 2446 sednon
1382 2398 1493 2444 manent
1517 2388 1642 2459 quaedam
1663 2385 1849 2442 accidentalia.

232 2482 447 2550 stantiatiuuem,
473 2494 617 2539 remanent
640 2485 802 2553 accidentia,
820 2501 886 2556 ergo
913 2487 941 2541 in
966 2488 1020 2543 alio
1070 2483 1198 2539 hiteritas
1215 2489 1333 2537 rerocst
1355 2481 1400 2536 illa
1426 2479 1532 2551 species
1553 2477 1725 2546 mutationis,
1747 2476 1774 2532 in
1796 2492 1850 2548 qua

232 2573 366 2647 subjecto,
389 2575 433 2629 rel
449 2574 477 2628 in
499 2588 573 2639 aere,
589 2575 637 2631 sed
660 2575 684 2631 si
706 2575 734 2629 in
756 2591 829 2645 aere,
846 2577 936 2647 aliqua
957 2593 1021 2648 pars
1071 2586 1198 2630 manente
1207 2573 1301 2630 eadem
1315 2572 1441 2638 materia,
1453 2588 1507 2628 non
1518 2580 1629 2627 manent
1639 2569 1849 2627 substantialia:

232 2666 305 2722 aeris
316 2673 359 2721 est
372 2666 499 2733 rotunda,
522 2665 629 2736 sapida,
642 2666 715 2731 alba,
741 2675 768 2722 et
787 2669 934 2723 seeundum
948 2671 1021 2741 qnod
1070 2683 1132 2740 qnae
1156 2668 1271 2723 mutatio
1295 2665 1365 2721 lacta
1378 2673 1420 2721 est
1444 2665 1473 2719 in
1493 2664 1568 2720 Cana
1589 2664 1716 2731 Galilaeae,
1742 2663 1852 2735 quaudo

234 2759 279 2815 illa
296 2756 384 2815 iorrna
399 2758 421 2790 '⁸
435 2759 557 2815 defertur
570 2774 618 2830 per
637 2759 743 2814 diuersa
758 2759 830 2823 loca,
852 2770 959 2816 mutant
976 2778 1022 2818 ac·
1071 2777 1143 2834 aqua
1154 2769 1256 2816 mutata
1267 2769 1309 2816 est
1323 2760 1350 2814 in
1362 2760 1457 2815 tinum
1471 2757 1569 2831 (loun.
1582 2760 1635 2830 rr).
1657 2757 1779 2815 illenim
1794 2775 1851 2812 nra·

234 2854 355 2909 ridentia
370 2854 534 2924 subjectum.
546 2851 651 2908 ltemin
664 2854 760 2908 cadent
775 2863 853 2924 parte
870 2856 943 2911 aeris
961 2872 1020 2913 nra·
1072 2855 1139 2909 teria
1152 2853 1264 2918 mansit,
1287 2850 1352 2922 qula
1374 2851 1471 2907 eadem
1490 2849 1605 2905 materia
1629 2863 1708 2920 aquae
1731 2858 1759 2904 et
1782 2849 1851 2914 riui,

234 2954 301 3002 trent
314 2945 359 3000 illa
372 2946 533 3013 accidentia,
547 2954 574 3002 et
584 2945 620 3001 tta
636 2945 760 3002 soliditas
774 2946 855 3001 estin
869 2961 942 3015 aere,
958 2963 1021 3005 cum
1073 2946 1121 3001 sed
1139 2954 1242 3001 mutata
1256 2950 1321 3000 suut
1333 2943 1457 3015 quaedam
1471 2942 1681 3010 substantialia;
1700 2958 1764 2999 nam
1784 2941 1851 2998 illud

237 3039 285 3095 illa
298 3038 354 3095 sint
367 3038 464 3104 solida,
479 3038 558 3093 etsie
572 3052 619 3093 aer
631 3036 737 3093 solidus
750 3045 802 3093 εει.
821 3036 862 3093 Et
884 3038 929 3095 lris
951 3038 1023 3094 vide·
1036 3078 1057 3138 c
1073 3027 1252 3096 substantiale
1263 3038 1335 3109 quod
1347 3052 1418 3109 aqua
1426 3045 1495 3103 erat,
1504 3036 1585 3094 desiit
1595 3052 1657 3093 esse
1668 3052 1738 3108 aqua
1748 3046 1775 3093 et
1785 3036 1852 3094 illutl

235 3140 281 3185 tur
296 3127 369 3200 quod
380 3128 531 3184 accidentia
542 3129 587 3184 illa
600 3145 655 3186 non
666 3130 722 3186 sint
736 3131 764 3186 in
780 3146 855 3197 acre,
867 3131 914 3188 sed
927 3145 978 3187 nec
992 3130 1021 3185 in
1073 3134 1147 3206 quod
1173 3132 1266 3187 rinum
1293 3136 1345 3196 εει,
1370 3129 1464 3183 sinum
1484 3142 1545 3184 esse
1575 3129 1698 3200 incaepit.
1724 3127 1852 3195 Quadam

235 3237 349 3295 corpore
362 3222 465 3279 Christi
489 3231 563 3289 suut,
579 3238 631 3279 nec
644 3231 685 3278 est
706 3224 848 3294 assignare
867 3224 941 3280 aliud
958 3240 1021 3281 cor·
1071 3226 1152 3282 ctiam
1165 3220 1342 3280 accidentalia
1355 3230 1459 3275 mutata
1474 3230 1548 3278 sunt.
1571 3219 1652 3277 iuxta
1674 3220 1851 3278 mutationem

235 3329 287 3385 pus
301 3313 329 3368 in
342 3329 396 3383 quo
408 3314 473 3381 sint,
485 3329 552 3385 ergo
571 3330 626 3372 non
640 3315 766 3371 ridentur
788 3331 930 3373 remanere
950 3316 1022 3372 acci·
1072 3318 1333 3388 hancdiciturquod
1343 3318 1454 3388 deaqua
1464 3315 1564 3373 iactum
1574 3313 1727 3380 cattinum,
1739 3322 1765 3369 ct
1777 3313 1852 3384 quod

236 3406 337 3463 dentis.
350 3404 428 3475 item,
443 3421 507 3463 cum
522 3406 613 3464 lorma
625 3407 672 3462 illa
698 3408 752 3463 suh
770 3423 823 3478 qua
837 3407 904 3463 latet
919 3422 1021 3475 corpus
1073 3426 1143 3480 aqua
1156 3418 1308 3468 rnuutaest
1318 3410 1345 3465 in
1356 3410 1460 3467 tinum.
1471 3407 1534 3476 Sed.
1544 3422 1671 3479 neceque
1682 3405 1734 3462 luit
1745 3406 1851 3473 sinum,

236 3499 338 3557 Christi
349 3499 486 3555 dividatur
499 3499 527 3553 in
544 3509 646 3570 partes,
663 3500 714 3555 sub
742 3500 786 3554 illa
809 3499 897 3555 iorma
920 3500 1023 3556 desiuit
1072 3520 1122 3562 nec
1131 3506 1214 3577 erepit
1223 3519 1285 3561 esse
1296 3504 1401 3569 rinum,
1412 3518 1463 3559 uec
1476 3501 1527 3559 luit
1538 3500 1630 3558 lutura
1638 3504 1741 3558 rituum.
1751 3499 1853 3558 Trans-

238 3606 337 3661 corpus
351 3590 464 3647 Christi.
486 3589 630 3656 Quomodo
643 3604 708 3660 ergo
725 3591 776 3646 suh
787 3590 902 3662 singulis
919 3593 1023 3662 portio·
1074 3598 1270 3655 substantiatio
1283 3604 1326 3652 est
1340 3596 1385 3651 illa
1400 3595 1503 3665 speeies
1517 3593 1687 3661 mutationis,
1700 3594 1849 3653 meandum

241 3685 323 3740 nibus
339 3684 413 3739 illius
429 3682 526 3737 hostias
537 3681 619 3737 datur
633 3681 864 3752 corpusClrristil
1072 3705 1154 3761 quarn
1175 3698 1203 3746 et
1225 3695 1345 3745 mutatur
1360 3684 1483 3749 materia,
1504 3693 1532 3738 et
1553 3682 1740 3739 substantialis
1754 3681 1852 3747 iorma,

276 3771 358 3845 m
370 3770 446 3840 ltern,
459 3772 482 3828 si
493 3770 596 3827 Christi
610 3786 710 3842 corpus
723 3773 788 3828 latet
798 3773 849 3829 suh
863 3774 908 3829 illa
923 3778 1021 3847 exigua
1073 3781 1120 3837 sed
1133 3789 1276 3836 remanent
1298 3776 1459 3836 accidentia.
1476 3773 1553 3831 Unde
1575 3775 1686 3843 dicitur,
1712 3773 1853 3829 transsui>-

239 3865 338 3932 lorma,
355 3864 401 3920 ubi
416 3875 457 3920 est
468 3863 571 3920 Christi
591 3874 671 3934 eaput
684 3865 727 3919 rel
746 3865 816 3936 peel
837 3874 865 3922 et
887 3867 923 3921 ita
951 3869 1023 3923 indi-
1072 3871 1223 3937 stantiatlo,
1238 3858 1386 3942 quia'rrilail
1413 3869 1447 3925 de
1469 3867 1620 3925 substantia
1647 3876 1782 3933 remanet,
1808 3866 1850 3922 rel

239 3958 338 4013 stineta
349 3965 413 4012 sunt
424 3956 546 4012 membra
559 3955 642 4012 illius.
653 3956 718 4012 item
725 3955 851 4014 Christus
861 3960 1021 4016 deditsnum
1072 3973 1203 4033 quantum
1219 3963 1253 4018 ad
1270 3962 1425 4027 materiam,
1442 3961 1485 4017 tel
1496 3971 1628 4031 quantum
1643 3959 1677 4014 ad
1688 3957 1854 4015 substantia·

239 4064 341 4119 corpus
350 4048 491 4120 discipulis
501 4061 566 4105 autc
575 4048 729 4119 passionem
743 4050 806 4105 :sed
813 4050 888 4108 dedit
899 4052 940 4109 eis
949 4067 1022 4108 mor·
1073 4054 1125 4109 lem
1141 4063 1265 4109 naturam
1279 4054 1313 4108 ⁶¹.
1330 4052 1405 4109 Talis
1420 4054 1535 4108 mutatio
1547 4052 1578 4107 tit
1601 4052 1627 4106 io
1650 4049 1853 4107 consecratione

240 4140 295 4196 tale
305 4138 348 4195 rel
360 4139 516 4195 immortale
530 4158 538 4195 ι
552 4141 576 4194 si
590 4141 706 4196 mortale
717 4141 802 4209 dedit,
818 4143 864 4198 sed
879 4155 944 4200 tunc
963 4153 1024 4200 orat
1078 4142 1165 4214 partis.
1179 4143 1260 4201 Panis
1272 4144 1345 4201 enim
1369 4145 1407 4202 ita
1431 4152 1552 4200 mutatur
1573 4142 1601 4197 in
1622 4156 1721 4212 cornus
1737 4138 1851 4207 Christi,

241 4230 365 4288 mortalis
386 4248 394 4286 r
416 4245 481 4305 ergo
495 4231 604 4303 quando
630 4241 689 4287 erat
714 4233 839 4289 mortalis
860 4234 1023 4292 immortalis
1073 4235 1144 4305 quod
1159 4234 1227 4290 nihil
1240 4235 1274 4291 dc
1297 4237 1409 4291 materia
1424 4236 1503 4308 panis
1525 4242 1663 4291 remaneat
1682 4251 1689 4290 :
1709 4246 1759 4288 uec
1780 4231 1848 4287 suh·

240 4333 310 4390 erat,
319 4323 392 4395 quod
404 4332 447 4380 est
457 4324 628 4395 impossibile
638 4324 672 4379 ⁸².
685 4324 751 4380 ltem
762 4335 879 4396 portatur
888 4326 961 4396 quod
972 4328 1022 4383 ali·
1073 4325 1209 4382 stantialia
1225 4334 1379 4393 remanent;
1404 4326 1452 4382 setl
1476 4325 1600 4396 quedam
1617 4322 1806 4389 accidentalia,
1821 4329 1852 4376 ut

240 4415 304 4486 quis
317 4414 492 4471 celehrarerit
504 4414 596 4471 divina
613 4425 733 4486 tempore
746 4416 885 4487 passionis
898 4416 1000 4475 Christi
1009 4436 1021 4485 ι;
1037 4435 1060 4490 1)
1074 4418 1238 4485 rotunditas,
1252 4418 1360 4485 ailredo,
1376 4433 1468 4489 sanor.
1493 4417 1527 4474 Et
1541 4418 1605 4490 quia
1626 4427 1683 4473 tota
1697 4416 1851 4474 substantia

242 4522 345 4577 corpus
358 4508 479 4564 eristens
489 4506 583 4564 llomae
598 4523 708 4579 passum
725 4508 823 4566 luisset
836 4507 946 4576 Romae,
958 4512 1022 4583 qnia
1074 4519 1195 4567 mutatur
1217 4512 1245 4567 in
1262 4525 1362 4581 corpus
1375 4509 1487 4578 Christi,
1502 4526 1558 4566 non
1585 4519 1709 4582 augetur,
1725 4508 1852 4580 quamtis

244 4599 400 4671 ubicunque
412 4609 492 4668 erat,
508 4601 662 4670 patiebatur
680 4609 802 4672 tempore
817 4603 974 4673 passionls3
995 4614 1024 4660 et
1075 4605 1212 4660 multoties
1229 4604 1307 4675 panis
1320 4604 1348 4659 in
1358 4602 1460 4660 Christi
1472 4618 1572 4675 corpus
1586 4612 1718 4668 mutatur,
1735 4617 1790 4659 non
1803 4616 1850 4658 re·

244 4692 285 4744 tic
307 4703 361 4745 non
382 4690 537 4760 patiebatur
558 4699 663 4747 tanturn
689 4691 718 4746 in
740 4689 911 4759 Jerusalem,
927 4696 975 4750 sed
994 4694 1022 4750 in
1076 4706 1169 4753 manet
1179 4698 1206 4752 in
1219 4712 1334 4768 corpore
1343 4697 1517 4763 christinae
1526 4704 1648 4752 remanet
1660 4710 1760 4766 corpus
1771 4695 1852 4753 Chri·

245 4780 338 4837 multis
348 4780 410 4843 aliis
420 4782 498 4840 locis.
512 4781 588 4846 item,
607 4791 724 4853 ponatur
737 4784 810 4852 quod
834 4799 896 4840 mus
914 4788 1025 4844 accedat
1076 4792 1126 4855 sti;
1139 4800 1166 4844 et
1182 4789 1242 4846 idco
1257 4803 1308 4845 nec
1322 4803 1422 4859 corpus
1436 4789 1537 4845 Christi
1551 4798 1673 4861 augetur.
1693 4787 1764 4846 Sunt
1776 4790 1851 4847 enim

246 4874 280 4929 ed
296 4873 414 4943 pixidem
427 4873 522 4945 inqua
538 4881 580 4929 est
591 4873 693 4929 Christi
713 4888 829 4945 corpus3
844 4890 907 4931 mus
920 4876 1025 4948 aliquid
1074 4881 1136 4937 dure
1158 4881 1306 4951 augmenti,
1321 4896 1368 4936 seu
1382 4880 1607 4952 augmentationis
1627 4881 1731 4951 species
1745 4880 1780 4952 ⁸¹,
1797 4898 1851 4938 una

245 4963 374 5032 eomedit,
389 4979 454 5036 erqo
467 4979 541 5031 aera,
559 4965 603 5021 rel
620 4964 756 5034 accidens,
772 4966 815 5023 rel
828 4982 928 5038 corpus
945 4969 1026 5025 Chri·
1074 4988 1135 5044 quae
1149 4972 1178 5028 tlt
1193 4989 1241 5044 per
1254 4974 1370 5044 partium
1382 4973 1576 5037 extensionem,
1600 4973 1653 5028 alia
1665 4988 1714 5044 per
1737 4975 1854 5031 additio·

247 5059 292 5114 sti.
311 5057 364 5116 Sed
378 5058 451 5130 quod
461 5058 587 5116 comedat
596 5074 660 5117 tera
673 5060 716 5117 rel
725 5060 864 5127 accidens,
875 5062 1023 5118 absurdum
1036 5115 1050 5141 ,
1075 5079 1147 5121 nem.
1162 5062 1242 5120 lurra
1260 5066 1397 5136 primam,
1424 5066 1524 5122 crescit
1545 5066 1648 5139 rimula
1670 5067 1698 5122 iu
1718 5067 1797 5125 lrorto
1819 5067 1851 5135 ⁸⁸,

879 5212 998 5271 vttttAE
1016 5216 1218 5280 Lectiones

266 5331 290 5364 ⁸⁸
305 5329 375 5385 licie
398 5329 427 5383 in
441 5329 567 5400 impresso
583 5346 631 5400 pro
651 5338 744 5387 sancta
772 5330 881 5385 deletur
910 5331 1041 5387 oecunda.
1077 5333 1101 5367 ¹⁸
1131 5334 1373 5409 minimamque
1400 5342 1449 5409 sic,
1475 5343 1554 5414 panis
1579 5355 1638 5399 erat
1663 5346 1776 5401 materia
1792 5360 1855 5402 cor·

249 5415 302 5470 put
327 5399 441 5454 Christi.
481 5401 506 5433 ι·
529 5400 560 5456 ln
577 5402 641 5471 imp.
661 5403 759 5456 lerina,
789 5402 815 5473 ,ιι
832 5399 866 5454 1ιι
895 5403 972 5465 iram,
988 5404 1016 5456 in
1038 5404 1161 5461 discurre
1181 5410 1348 5475 precedenti,
1376 5429 1424 5482 pro
1454 5414 1625 5480 immortalis,
1653 5416 1747 5486 ulique
1775 5417 1854 5472 dahe-

251 5480 295 5525 ter
307 5468 470 5524 immortale.
482 5530 485 5536 ,
510 5470 533 5504 ⁸⁸
549 5469 581 5525 ln
594 5472 658 5541 imp.
673 5471 782 5523 additur
790 5469 948 5526 distantiam
961 5487 976 5525 a
991 5474 1114 5529 materia,
1154 5476 1175 5510 ⁸⁸
1195 5475 1228 5530 ln
1240 5479 1303 5548 imp.
1319 5482 1357 5534 sic
1368 5497 1377 5534 :
1390 5483 1450 5537 illia
1465 5496 1506 5537 est
1518 5488 1642 5551 mutatio,
1654 5487 1778 5543 alteratio
1800 5498 1853 5545 erc,

251 5539 295 5593 ted
307 5539 383 5593 lectio
403 5547 492 5593 nostru
506 5541 642 5594 retinendo
652 5548 701 5594 est.
736 5539 759 5570 ι*
778 5537 812 5592 ln
827 5540 890 5608 imp.
906 5544 999 5596 ottiose
1013 5543 1109 5615 leqitur
1123 5546 1211 5616 nigra.
1226 5549 1270 5601 sect
1288 5560 1312 5603 et
1325 5553 1353 5603 itt
1367 5554 1532 5622 teqtterttiirta
1542 5555 1663 5624 quedam
1677 5529 1855 5626 precamina

252 5618 311 5688 furat
324 5623 433 5676 quorum
447 5613 592 5691 occasione,
606 5620 700 5664 coeoeru
716 5623 824 5690 quoque·
835 5624 912 5662 unae
935 5623 1035 5669 curent.
1073 5615 1095 5647 ⁸¹
1112 5615 1147 5671 ln
1163 5620 1227 5685 imp.
1248 5634 1296 5688 pru
1319 5631 1456 5690 naturum,
1471 5624 1581 5677 hahetur
1592 5627 1744 5682 maresiam·
1779 5630 1803 5661 ει
1820 5629 1854 5684 1„

252 5692 316 5749 ‘ml’⁸
330 5693 377 5747 lm
391 5689 540 5749 ²⁰8¹¹¹0¹¹l¹2
551 5679 662 5734 ''mil‘'
674 5687 837 5749 lfissffllllll·
874 5679 899 5710 ⁸¹
912 5678 976 5735 ΠΜ
990 5685 1018 5735 in
1041 5685 1166 5754 impresso
1186 5691 1362 5757 praetermitto
1380 5703 1440 5748 aurit
1465 5695 1614 5750 substitutis
1625 5695 1725 5767 aliquot
1738 5701 1854 5770 penate,
