3992 6042
266 212 318 268 ιιι
907 213 1010 270 auant
1028 213 1072 269 ou
1091 211 1224 270 insutus
1809 219 1863 279 aas
1917 189 1933 273 '5

267 327 404 394 Christos,
416 328 488 384 node
501 325 584 383 isaias
602 345 608 382 :
625 325 824 398 Tarpoomcois
838 327 872 383 ud
886 327 1040 384 cerimonem
1052 333 1076 391 Α
1090 328 1242 384 risdictum
1260 334 1302 382 εει
1320 341 1369 399 per
1384 328 1550 400 prophetam.
1568 327 1623 386 Dru
1639 330 1761 401 aspidum
1782 349 1866 404 rupe-

266 419 388 476 daretur.
410 420 463 487 Qui
483 419 582 476 dicitur
594 418 653 474 oris
669 421 777 490 propter
795 418 957 492 singularem
971 418 1038 474 sim·
1089 427 1160 481 runt,
1179 426 1203 471 at
1227 415 1294 471 telus
1311 432 1414 473 oruneoe
1436 428 1571 474 tenuerunt
1583 421 1648 490 :qui
1668 422 1808 478 comederit
1830 425 1866 481 de

267 511 364 580 plicem
373 511 563 576 innocentiam,
574 520 684 581 propter
694 527 750 568 suae
766 511 856 568 caruis
874 525 962 577 εειιιιι,
975 523 1039 580 pro·
1088 508 1142 562 ouis
1163 523 1252 563 eorum
1271 509 1407 575 uwrietur,
1418 519 1443 564 et
1455 511 1524 580 quoii
1535 512 1668 582 confotum
1684 522 1734 581 ιιι,
1744 525 1865 587 erumpet

267 613 327 674 pter
340 619 396 660 suae
406 603 540 673 passionis
550 603 722 669 sacrificium,
738 603 800 674 quia
812 601 869 660 suis
885 601 984 671 pl’aebel
995 599 1038 655 lau
1087 599 1115 652 iu
1130 596 1257 669 sepulum.
1276 597 1332 653 Ora
1350 599 1449 670 quippe
1461 599 1584 670 aspidum
1598 600 1755 660 homiuibus
1768 606 1864 675 prauis

267 708 340 758 nam,
363 691 390 747 id
410 700 453 749 est
472 694 601 749 uirtutum
620 694 788 749 vestituram.
805 690 907 748 Dicitur
925 690 1038 762 angelus
1087 705 1223 761 rumpere,
1239 698 1281 746 εει
1304 689 1483 761 malignorum
1498 691 1642 762 spirituum
1662 693 1785 763 consilia,
1799 711 1865 766 quse

267 791 376 854 propter
389 782 432 839 sui
447 783 638 850 innocentiam,
654 782 725 839 unda
738 783 835 853 legitur
854 782 880 836 in
894 780 1038 852 Evangelio
1088 779 1115 834 in
1135 794 1229 836 eorum
1242 779 1473 848 cordibus-latent,
1492 782 1626 851 perversis
1639 784 1767 855 operibus
1781 801 1864 857 aper-

266 875 300 929 de
317 882 425 945 pastore
444 874 631 944 qula,relictis
650 873 794 945 nonaginta
810 886 906 927 uorem
929 872 1038 938 ovibus,
1088 870 1137 925 ire.
1147 869 1227 928 Telos
1237 881 1553 943 quoquearaoeaetexere
1562 882 1604 930 εει
1613 875 1749 947 prolruJus
1766 878 1863 934 mundi

267 965 294 1020 id
306 973 349 1021 est
358 964 529 1021 multitudine
547 966 703 1036 angelorum
713 964 741 1019 in
756 962 891 1035 paradiso,
901 962 966 1018 abiit
990 977 1038 1032 per
1087 962 1305 1034 concuspiscentia
1318 962 1442 1034 quaelibet
1455 964 1560 1033 operari
1574 983 1582 1032 ;
1597 980 1658 1037 qum
1668 967 1702 1026 de
1717 968 1791 1023 nulla
1803 977 1864 1026 sta-

266 1066 433 1126 assumptam
453 1056 645 1111 humanitatem
664 1069 783 1126 querere
801 1067 879 1108 orem
899 1067 959 1125 quae
976 1068 1038 1122 per·
1087 1052 1190 1110 bilitate
1204 1061 1278 1122 sunt,
1293 1068 1325 1110 ea
1339 1054 1433 1124 procul
1450 1055 1532 1112 dubio
1546 1064 1642 1113 ventus
1659 1059 1720 1116 ritae
1738 1060 1863 1117 mortalis

267 1148 344 1216 ierat,
356 1149 383 1204 id
398 1157 439 1204 εει
451 1147 597 1202 hominem.
609 1144 712 1201 Dicitur
728 1143 897 1200 Christianus
911 1142 1037 1213 populus,
1087 1144 1167 1214 rapit.
1192 1144 1263 1200 Bene
1283 1152 1375 1200 aretem
1397 1145 1503 1201 additur
1518 1166 1524 1201 :
1541 1145 1594 1212 Qui
1606 1149 1743 1205 comedmit
1756 1151 1789 1205 tte
1804 1152 1862 1207 ouis

267 1239 338 1295 unde
359 1238 464 1293 Dauid:
485 1235 542 1292 Nor
560 1227 771 1306 aulear'populur
794 1233 851 1302 ejus
869 1243 894 1288 ει
910 1249 967 1288 oum
990 1250 1039 1302 pu·
1087 1247 1177 1286 aarum
1189 1232 1325 1298 morietur,
1340 1232 1403 1303 quia
1423 1233 1469 1304 qui
1491 1233 1693 1291 immundorum
1716 1238 1863 1308 spirituum

265 1345 334 1385 utic
350 1329 415 1400 ejus.
431 1328 533 1384 Dicitur
556 1327 661 1399 gentilis
682 1326 806 1397 populus,
819 1325 890 1381 unde
907 1323 1038 1381 Dominus
1087 1322 1201 1379 consilia
1212 1322 1315 1394 recipit,
1329 1323 1410 1378 viram
1422 1323 1451 1379 in
1465 1339 1494 1380 se
1508 1325 1609 1382 animae
1619 1327 1726 1384 occidit.
1743 1328 1779 1383 Et
1789 1331 1862 1402 quad

266 1424 293 1478 in
318 1421 462 1492 Euangeliu
482 1439 490 1476 r
509 1421 583 1476 illics
606 1436 663 1475 orer
682 1419 773 1474 linteo.
787 1417 890 1474 Dicitur
910 1415 1038 1475 iudaicus
1088 1415 1220 1484 confotum
1232 1427 1281 1481 cst,
1299 1423 1414 1485 eruarpet
1438 1416 1465 1470 in
1480 1417 1693 1489 repulum5quia
1716 1421 1862 1481 consilum

265 1515 392 1588 pupulus,
408 1513 478 1568 unde
499 1512 582 1568 Dauid
599 1531 607 1567 :
623 1510 676 1577 Qui
694 1510 800 1565 deducis
824 1509 891 1564 odat
906 1525 976 1565 ooeot
989 1507 1038 1565 do·
1087 1508 1197 1581 mangot
1210 1507 1321 1580 spiritus
1331 1508 1402 1580 quud
1414 1508 1495 1565 corde
1508 1508 1615 1579 tegitur,
1637 1510 1670 1565 ad
1684 1510 1791 1581 plenam
1805 1512 1864 1570 ini·

265 1605 337 1676 sept.
359 1603 461 1661 Dicitur
484 1611 595 1674 martyr,
612 1601 683 1657 unde
695 1601 797 1656 David:
814 1598 935 1671 Reputati
947 1617 1037 1655 sumus
1087 1603 1217 1674 quitatem
1231 1600 1368 1669 nutritur3
1384 1602 1494 1673 repulus
1504 1616 1621 1674 namque
1637 1612 1790 1673 serpentum
1809 1622 1861 1664 rex

265 1695 334 1749 uelut
360 1711 416 1749 coes
440 1693 584 1747 occisionis.
600 1691 731 1748 Dicuntur
753 1690 881 1755 damnati,
897 1690 967 1747 unde
983 1688 1037 1746 Da·
1051 1660 1073 1715 B
1087 1694 1196 1768 dicitur.
1210 1690 1298 1762 Caput
1309 1703 1397 1749 autem
1415 1693 1591 1763 reproborum
1606 1701 1647 1749 εει
1659 1692 1860 1764 Antichristus3

265 1786 309 1842 rid
324 1804 331 1839 :
347 1783 421 1842 Sicut
436 1799 492 1838 oues
507 1783 535 1837 in
548 1782 648 1852 inferne
660 1781 739 1851 positi
751 1789 823 1835 sunt.
1087 1780 1157 1853 quoti
1166 1795 1230 1852 ergo
1242 1780 1375 1850 confotum
1387 1788 1436 1849 εει,
1447 1790 1562 1852 erumpet
1575 1781 1739 1854 inrepertum,
1754 1785 1817 1855 quia
1832 1786 1860 1842 is

302 1875 395 1943 Orant,
408 1872 524 1945 proprie.
536 1871 638 1928 Dicitur
652 1872 731 1927 etiarn
746 1871 910 1941 spes;quia,
923 1868 993 1926 sicut
1009 1869 1037 1926 in
1086 1874 1132 1945 qui
1161 1873 1189 1929 iu
1220 1887 1249 1928 se
1274 1872 1417 1929 nutrienda
1441 1871 1543 1943 aspidis
1562 1873 1673 1930 consilia
1698 1874 1806 1945 recipit,
1830 1885 1861 1933 et

265 1982 317 2024 oro
330 1977 372 2023 est
385 1981 446 2036 spes
457 1964 591 2030 animalis,
602 1964 639 2019 ita
651 1964 677 2018 in
691 1977 738 2033 spe
751 1962 917 2032 exspectatio
930 1971 1038 2018 aeterum
1085 1965 1237 2021 membrum
1254 1962 1402 2038 iniquitatis
1416 1962 1505 2022 iaetus
1518 1963 1627 2035 inopus
1639 1964 1860 2025 Antichrisliac·

265 2056 448 2124 beatitudinis,
469 2055 540 2110 urrdc
565 2055 592 2109 in
615 2051 784 2123 Evangelio:
807 2050 838 2107 Si
858 2053 915 2125 quir
934 2052 1038 2124 petierit
1085 2055 1191 2114 erescit.

265 2165 350 2205 orum.
367 2147 470 2204 Dicitur
482 2145 626 2202 consilium
641 2143 830 2215 malignorum,
845 2143 917 2200 unde
927 2144 961 2200 de
974 2142 1046 2216 pra·'

298 2609 421 2678 Pactum,
435 2608 543 2681 proprie
564 2617 656 2664 votum
673 2608 714 2664 rol
736 2616 914 2679 praeccptunr,
936 2608 1009 2664 uude
1084 2605 1194 2678 pallium
1206 2613 1289 2676 patet,
1304 2622 1353 2679 per
1365 2607 1477 2680 pallium
1496 2608 1779 2684 liguraturpeccatum
1792 2630 1858 2674 car·

263 2703 375 2764 Paetum
388 2719 474 2759 murm
487 2703 595 2757 irritum
609 2700 733 2772 iecerunt.
747 2699 850 2756 Dicitur
860 2698 1022 2756 sacrillcium
1084 2696 1136 2764 nis,
1150 2697 1223 2768 quod
1235 2697 1321 2769 magis
1336 2704 1379 2755 est
1394 2697 1578 2758 manifestum.
1587 2699 1639 2758 Per
1653 2702 1784 2772 tunicam,
1794 2721 1857 2777 pum

263 2796 356 2851 unde:
374 2791 441 2864 [ιιι
453 2803 557 2863 paetum
576 2788 657 2852 satir,-
668 2788 767 2844 dicitur
782 2787 957 2853 sacrificium,
969 2786 1035 2858 quia
1085 2788 1171 2860 magis
1179 2789 1252 2857 latet,
1259 2790 1657 2862 liguraturpeccatuminterius
1667 2794 1739 2865 quud
1751 2811 1803 2852 non
1810 2812 1859 2867 pa·

264 2886 291 2939 ln
314 2884 388 2940 omrri
413 2884 546 2939 sacrificio
568 2879 754 2953 apponebatur
771 2879 821 2936 sal.
834 2878 939 2934 Dicitur
950 2877 1033 2933 etiam
1084 2888 1133 2935 tet.
1147 2877 1250 2936 Dicitur
1263 2879 1331 2936 stola
1345 2889 1453 2937 aeterne
1466 2880 1659 2953 beatitudinis,
1678 2884 1768 2941 unde:
1783 2884 1855 2941 Dens

199 3015 208 3034 ,
263 2975 447 3045 promissum,
473 2975 544 3030 uode
558 2973 624 3029 dicit
642 2971 723 3029 Pater
737 2972 765 3027 in
781 2971 848 3028 Gen.
866 2989 873 3026 ε
889 2968 967 3026 Parti
983 2986 1034 3024 ruet
1083 2971 1215 3041 putridus,
1228 2981 1252 3026 et
1264 2987 1308 3042 per
1320 2971 1405 3027 tersus
1419 2973 1464 3043 qui
1473 2983 1562 3044 speret
1576 2990 1654 3045 super
1666 2975 1766 3047 infideli
1776 2976 1856 3032 indie

263 3063 418 3118 recordabor
430 3064 499 3136 quod
513 3065 598 3135 pepipi
614 3073 706 3120 tecum.
1046 3045 1067 3106 C
1083 3065 1226 3136 stipamur,
1241 3073 1265 3119 et
1277 3065 1376 3120 emittit
1396 3065 1509 3135 pultium
1525 3067 1554 3121 in
1567 3068 1611 3123 atie
1631 3069 1756 3140 [riporin
1767 3069 1857 3129 Cios-t

297 3153 380 3209 Palea
397 3155 514 3226 proprie.
527 3154 631 3211 Dicitur
645 3155 726 3210 etiam
738 3155 840 3220 malus,
853 3153 924 3210 unde
940 3151 1034 3209 Domi·
1082 3154 1151 3222 Quia
1171 3154 1330 3212 maledictus
1343 3163 1386 3212 est
1406 3155 1453 3228 qui
1472 3156 1549 3226 ponit
1568 3171 1643 3227 spem
1661 3173 1738 3215 suam
1762 3160 1789 3215 in
1803 3160 1856 3216 ho-

263 3245 435 3302 nus:Puleur
446 3257 535 3302 eutem
552 3247 683 3302 comburet
698 3247 762 3319 ipui.
773 3245 938 3317 Perpaleam
949 3246 1033 3302 etiam
1082 3247 1155 3303 mine
1165 3256 1192 3303 et
1205 3246 1233 3301 in
1253 3246 1308 3303 Deo
1321 3261 1395 3318 spem
1410 3262 1486 3304 suam
1504 3260 1605 3317 ponere
1616 3248 1711 3316 ιιεεείι,
1734 3251 1786 3306 istc
1801 3265 1856 3309 uec

262 3329 420 3410 intelligitur
429 3337 517 3394 inanis
525 3340 620 3410 gloria,
629 3338 941 3410 scilicetsuperbia,quae
950 3346 1034 3408 utpa·
1082 3336 1144 3391 ritae
1163 3342 1251 3405 potest
1273 3333 1411 3405 suscipere
1423 3335 1535 3391 rcrbum
1556 3350 1606 3393 nec
1626 3336 1661 3393 ad
1681 3337 1856 3395 mansionem

260 3428 303 3484 lea
315 3445 331 3485 a
345 3438 425 3487 rento
438 3430 599 3501 dispergitur
608 3439 635 3486 et
647 3440 758 3485 ventosa
771 3437 821 3485 est.
838 3427 941 3484 Dicitur
955 3443 1033 3485 sacra
1081 3425 1240 3482 desideratae
1267 3425 1363 3483 salutis
1389 3436 1478 3497 potest
1506 3427 1678 3500 pertingere,
1704 3438 1729 3484 et
1752 3431 1857 3486 emittit

262 3520 412 3592 Scriptura,
428 3522 500 3576 unde
510 3520 594 3576 isaias
611 3519 683 3575 :Leo
703 3529 731 3573 ut
744 3519 788 3573 tos
805 3518 917 3573 comedet
932 3519 1033 3589 paleas,
1081 3513 1192 3586 pultium
1206 3513 1233 3568 in
1248 3514 1290 3570 die
1304 3514 1421 3587 stiparis,
1435 3516 1499 3592 quia
1521 3516 1574 3574 etsi
1589 3516 1618 3572 ln
1632 3518 1777 3574 serenitate
1791 3519 1857 3575 ritae

261 3612 288 3666 ld
305 3609 466 3680 estsuperlri
482 3608 656 3680 degentibus
675 3609 708 3663 ad
726 3608 804 3665 tidem
830 3610 953 3666 conversi
970 3610 1034 3666 reli-
1080 3606 1221 3678 praesentis
1236 3607 1329 3662 habitu
1342 3608 1482 3678 religionis
1495 3608 1617 3665 uideatur
1640 3609 1762 3679 indutus,
1772 3611 1800 3666 iu
1811 3610 1857 3667 dio

261 3702 368 3755 cientur
389 3698 564 3769 intelligentia
585 3696 731 3770 Scripturae
745 3699 816 3756 sicut
830 3698 938 3757 Judaeus
952 3702 985 3757 ad
1001 3701 1034 3772 li·
1079 3695 1175 3767 juditii
1189 3696 1279 3753 ltttdtts
1300 3696 1439 3768 apparebit
1450 3706 1498 3754 tut
1510 3698 1621 3769 patebit.
1646 3696 1751 3754 Dicitur
1773 3699 1856 3756 etiam

261 3788 322 3843 dem
337 3802 495 3845 conuersus.
509 3787 612 3843 Dicitur
628 3788 753 3845 litteralis
764 3790 948 3860 intelligentia,
962 3791 1033 3847 uude
1081 3797 1192 3844 ornatus
1205 3789 1356 3856 virtrrtum,
1383 3788 1454 3845 undo
1473 3787 1558 3846 lsaias
1574 3808 1581 3847 ε
1599 3788 1633 3843 m
1645 3788 1755 3860 palliatur
1766 3791 1855 3847 laudis

261 3879 301 3934 sic
315 3887 402 3949 potest
418 3880 516 3951 exponi
532 3880 658 3949 praedicta
674 3880 820 3935 auctoritas
835 3896 843 3932 ι
858 3878 925 3945 Leo,
949 3880 976 3936 id
992 3888 1033 3937 cst
1079 3895 1127 3949 pro
1137 3879 1232 3950 spiritu
1243 3880 1370 3934 meroris.
1694 3873 1699 3886 ’

261 3969 403 4028 haereticus
421 3972 455 4028 de
474 3987 524 4028 suo
548 3970 656 4043 ingenio
669 3971 810 4041 superbus,
832 3971 868 4025 ita
885 3970 1032 4026 adherebit
1115 3989 1212 4045 pnpmu
1225 3991 1306 4047 arbor
1326 3990 1443 4061 proprie,
1459 3990 1564 4048 piciun-
1587 3993 1668 4050 eum
1685 4008 1783 4050 mnus
1804 4009 1856 4051 a,

260 4061 367 4116 litterali
379 4061 561 4133 intelligentiae
584 4062 652 4115 sicut
666 4062 722 4128 ior,
738 4061 764 4116 id
775 4069 816 4115 cst
826 4059 946 4115 iudeus.
959 4059 1032 4116 Diei·
1080 4090 1163 4139 mma·
1176 4082 1280 4139 Dicitur
1289 4083 1360 4139 ictus
1373 4083 1479 4152 palm,
1488 4084 1560 4140 unde
1569 4082 1603 4142 de
1614 4085 1723 4142 Christo
1735 4086 1853 4142 dicim„

261 4159 305 4204 tur
318 4150 397 4216 rilis,
412 4150 484 4205 uude
495 4149 545 4206 Jolt
565 4151 678 4221 loquens
692 4151 726 4206 da
745 4150 910 4205 Antichristo
924 4166 930 4203 :
948 4148 1032 4220 lispu-
1059 4211 1063 4222 ⁴
1079 4175 1133 4231 Am
1147 4184 1234 4230 amm
1248 4174 1350 4245 pagum
1371 4176 1398 4227 5„
1418 4174 1511 4245 [aciem
1524 4176 1582 4247 eju,
1595 4177 1732 4233 pedm·
1749 4176 1854 4234 mcum,

260 4242 327 4297 tebit
340 4241 439 4312 [esrum
453 4244 529 4312 quusi
545 4241 655 4312 puteus,
676 4242 703 4297 id
719 4251 760 4298 est
776 4241 966 4312 praedicatores
987 4241 1031 4297 sui
1079 4280 1145 4321 cmx
1158 4264 1258 4321 Christi
1269 4280 1329 4337 (Μ
1338 4264 1389 4322 fuit
1398 4268 1431 4323 de
1439 4266 1616 4338 palfflmnde
1629 4267 1753 4326 incant..
1760 4268 1857 4325 Am,

260 4334 389 4404 “wimiis
399 4333 553 4404 ”inpendii
1041 4358 1141 4455 Deum
1152 4356 1179 4411 in
1189 4356 1315 4427 palmam,
1325 4358 1352 4414 id
1361 4358 1437 4415 estin
1445 4373 1563 4416 crucem.
1575 4357 1668 4415 Palma
1677 4359 1776 4416 dicitur
1785 4373 1854 4416 crux

294 4424 432 4493 Pistum,
443 4427 551 4496 proprie
562 4423 645 4479 herba
655 4423 789 4481 imnis·
802 4423 906 4482 mistui
919 4428 1031 4499 quilibet
1081 4446 1178 4517 triplici
1190 4448 1310 4504 ratione:
1323 4449 1428 4505 ratione
1440 4449 1609 4517 substantiae,
1622 4450 1727 4508 ratione
1736 4450 1854 4510 circum·

260 4518 287 4572 ⁸¹¹
296 4517 398 4574 Μῑῑῑῑδ
410 4527 560 4590 Diaeifflisss
571 4528 598 4575 ⁸²
609 4520 676 4574 ³¹¹⁰⁸
686 4518 713 4572 ¹¹¹
724 4518 795 4573 ¹¹¹²¹⁰
804 4518 960 4588 defendens,
975 4521 1030 4577 ⁵¹0·
1080 4539 1196 4608 stautiae,
1209 4539 1312 4596 ratione
1320 4539 1477 4597 efficientia.
1486 4539 1599 4598 Ratione
1614 4541 1854 4613 substantiaque

260 4620 290 4664 ⁸¹²
302 4611 432 4681 propheta
446 4610 650 4684 s¹¹D1³³bl¹⁰¹¹i³
666 4611 755 4682 specie
765 4625 909 4682 Di²i⁰¹¹¹m
923 4612 1030 4667 mihim
1079 4631 1183 4704 lignum
1195 4632 1373 4688 transversale
1387 4631 1414 4686 in
1426 4646 1506 4689 cruce
1518 4641 1576 4688 erat
1586 4632 1729 4704 depalroa.
1740 4633 1854 4705 Ratione

259 4710 286 4756 ut
297 4702 444 4771 quamlibet
453 4717 606 4773 perversam
622 4712 738 4758 mentem
757 4701 904 4772 redarguit,
914 4702 1028 4759 dicens:
1079 4724 1301 4790 circumspanpae·
1324 4722 1388 4794 quja
1408 4722 1505 4794 legitur
1519 4736 1598 4792 „uper
1610 4721 1688 4777 cam,
1707 4723 1808 4778 ,amoris
1823 4722 1852 4777 ῃ,

261 4794 385 4848 ‘’simu‘'
396 4794 424 4847 ”²
439 4794 557 4849 dmum
576 4796 632 4864 ‘1³⁴³
653 4795 744 4865 ‘W‘
758 4802 783 4848 θ’
795 4794 898 4861 “fmaet
908 4801 933 4848 θ’
943 4792 1030 4864 Ραιὴῑ·
1079 4816 1153 4876 (llos.
1163 4837 1170 4873 ι
1180 4817 1417 4884 Quoeirrocniuatur
1427 4815 1695 4887 inpcimt,rerultuat
1708 4817 1814 4887 mystice
1824 4816 1853 4870 io

260 4903 304 4940 tlt
318 4887 346 4940 ⁵¹²
355 4884 542 4940 munitionibus
552 4885 618 4955 iili·
1079 4924 1153 4963 cruce
1163 4905 1852 4976 Darninieo.Palmahorribilisestiuradioe,aspera

295 4997 422 5065 Polliam,
441 4996 558 5068 proprie.
582 4995 813 5053 Diciturclraritas
829 5013 889 5068 quae
911 5006 1028 5054 mentem
1078 4998 1107 5054 in
1129 4999 1239 5064 cortice,
1256 4997 1345 5072 [llrma
1373 4999 1401 5053 in
1427 4996 1546 5070 robore],
1576 5004 1665 5053 erecta
1691 5012 1740 5066 pru
1761 4996 1850 5052 clrari-

261 5086 405 5144 lrumanam
427 5096 558 5152 exornat,
582 5088 654 5143 unde
679 5086 762 5143 isaias
784 5107 791 5143 :
815 5088 934 5144 Pettium
955 5089 1029 5144 breue
1077 5097 1149 5156 tate,
1173 5089 1285 5160 pulchra
1298 5089 1326 5145 in
1341 5088 1474 5156 culmine,
1492 5087 1580 5144 dulcis
1598 5087 1624 5142 in
1638 5085 1743 5143 lructus
1762 5088 1853 5141 suari-

259 5189 397 5250 utrumque
419 5181 549 5250 cooperire
569 5188 733 5250 conpotem,
753 5179 817 5249 quia
836 5178 927 5269 Judaea
947 5180 1029 5237 simul
1077 5191 1150 5250 tate;
1174 5183 1215 5239 sic
1236 5200 1302 5240 crux
1322 5181 1461 5239 Dominica
1474 5181 1613 5237 horribilis
1627 5181 1677 5237 luit
1697 5181 1724 5235 iu
1743 5180 1850 5248 radice,

259 5266 344 5324 Βευιιι
359 5278 387 5325 ει
399 5270 535 5327 diabolum
547 5271 657 5341 diligere
671 5285 725 5326 non
737 5279 834 5341 potest.
851 5270 955 5327 DIcitur
969 5286 1029 5341 pec-
1077 5273 1141 5344 quia
1160 5274 1247 5344 primo
1278 5272 1444 5330 detestabilis
1466 5281 1573 5344 propter
1594 5271 1770 5344 ignominium
1795 5280 1851 5326 tor-

257 5370 349 5415 catum
361 5361 460 5428 carnis,
476 5362 546 5415 unde
560 5359 690 5417 Dominus
705 5381 713 5417 ι
730 5360 760 5417 Si
774 5363 831 5432 quia
845 5361 899 5416 uult
914 5362 962 5417 titt
976 5378 1027 5415 uu·
1076 5366 1180 5433 menti;
1197 5382 1291 5436 aspera
1306 5366 1333 5420 in
1348 5365 1449 5421 cortice
1458 5373 1567 5435 propter
1580 5379 1706 5435 poerram,
1725 5363 1804 5419 firma
1821 5362 1850 5418 in

260 5447 326 5516 serre
339 5449 468 5517 tunicam,
480 5449 583 5502 dintitre
593 5449 618 5503 ei
632 5459 657 5503 et
677 5449 808 5520 pultium,
833 5448 916 5505 idest
926 5448 949 5505 si
961 5463 1028 5503 con-
1076 5457 1174 5513 robore
1185 5465 1294 5527 propter
1306 5455 1407 5512 Christi
1419 5456 1586 5527 patientiam,
1608 5461 1696 5509 erecta
1719 5458 1769 5522 pro
1783 5451 1852 5508 cira·

259 5535 348 5594 lassus
365 5551 517 5609 especcata
532 5539 630 5595 mentis
644 5539 754 5610 prelato
777 5546 842 5605 tuo,
857 5540 984 5615 conlllere
1000 5547 1028 5596 et
1077 5546 1156 5602 ritate
1184 5548 1289 5604 ratione
1316 5546 1396 5613 linis,
1419 5546 1532 5618 pulclrra
1559 5545 1588 5600 in
1610 5542 1727 5600 culmine
1751 5542 1851 5599 iutuitu

260 5634 368 5696 peccata
382 5630 472 5685 carnis
492 5637 560 5685 utet
581 5631 672 5686 omnia
692 5631 738 5686 tibi
761 5630 939 5690 dimittantur.
957 5631 1026 5698 Quia
1076 5636 1301 5704 resurrectionis,
1315 5636 1402 5696 dulcis
1422 5635 1550 5693 infructu
1566 5633 1667 5692 intuitu
1680 5639 1784 5690 nostro
1804 5644 1850 5685 ra·
