3992 6042
247 226 301 284 tet

889 223 992 281 tttru
1012 224 1058 280 att
1075 222 1213 280 tttstttts

1826 226 1883 283 tta

248 346 341 398 catum
356 339 470 396 omnino
482 338 627 395 remissum
642 346 711 394 esta
730 338 785 393 fleo
800 353 848 408 per
862 339 954 396 cordis
969 356 1038 396 eon·
1053 343 1076 399 Α
1089 352 1209 407 poenam,
1224 338 1291 409 quin
1312 338 1462 409 injunctam
1477 338 1531 396 sibi
1546 341 1733 413 paenitentiam
1755 359 1881 421 peragat,

248 438 399 503 tritionetn,
414 452 446 491 ex
460 452 516 505 nno
530 435 666 505 ptcnitcns
681 435 776 489 babuit
792 436 957 491 uoluntatem
973 452 1040 490 eoo·

250 529 342 583 frtendi
355 529 387 592 ¹⁸,
399 528 463 597 tprni
477 536 570 595 postea
585 525 732 579 dimittitur
747 540 761 579 a
775 527 938 585 sacerdote?
953 524 1039 581 llideo

249 623 322 675 eninr
350 634 406 689 ntro
431 618 540 673 rinenlo
570 634 632 672 eum
662 616 737 680 lieet,
766 616 870 672 seilicet
896 618 1039 688 temporali

249 725 339 779 paena.
352 709 398 763 scd
415 702 496 762 nona
514 724 644 779 quocum
660 709 794 763 absolvat.
813 710 881 763 bute
892 709 1040 778 poenitudi·

248 818 310 856 nent
324 803 396 855 enirn
412 803 512 864 cordis,
526 802 617 856 anima
630 802 667 855 rei
683 801 817 856 maculam
830 803 960 865 habetet
973 802 1041 858 feto·

248 909 304 948 rein
321 894 436 962 pecati,
451 903 478 948 et
493 904 602 949 aeterne
617 894 730 949 ultionis
754 894 865 950 vinculo
881 895 963 966 ligata
978 896 1038 950 exi·

247 986 306 1041 stit.
334 986 362 1040 Si
388 1003 453 1039 tero
471 998 534 1041 ante
551 987 763 1051 confessionem,
778 1003 826 1057 per
845 989 1038 1043 eorttritionent

247 1080 350 1144 cordis,
372 1078 443 1133 flens
459 1080 639 1149 perseipsum
661 1081 720 1134 sine
743 1080 897 1135 ministerio
911 1082 1039 1136 sacerdo·

247 1171 292 1231 tis,
306 1180 332 1223 et
347 1170 467 1225 debitunt
485 1172 599 1225 omnino
617 1172 733 1237 relaxat,
746 1180 774 1225 et
786 1172 906 1226 animam
924 1172 1039 1228 interius

246 1272 345 1332 purgat
360 1279 374 1317 a
392 1262 531 1331 contagio,
557 1271 584 1318 et
611 1263 695 1318 fetore
721 1264 839 1341 peccati,
864 1265 929 1335 quid
954 1266 1039 1336 igitur

247 1353 369 1412 mundat,
388 1353 452 1421 qnid
466 1353 579 1407 ilintittit
592 1354 743 1409 sacerdos?

281 1443 321 1496 td
338 1444 389 1497 boc
402 1443 521 1498 dicimus
540 1444 613 1513 qrtod
634 1445 726 1511 ltorno,
744 1447 855 1516 quando
867 1455 971 1516 peceat,
989 1447 1044 1521 tle,

245 1535 345 1603 linquit
357 1544 452 1589 eontra
470 1535 555 1589 Deum
577 1545 605 1591 et
619 1546 715 1591 eontra
737 1539 891 1608 proximum
911 1539 1036 1594 :Contra

246 1624 346 1691 ileum,
368 1626 432 1695 qnia
448 1626 513 1681 facit
536 1634 630 1682 eontra
655 1628 716 1696 ejus
737 1638 918 1699 praeceptum,
940 1639 1036 1686 contra

245 1719 410 1786 proximum,
431 1734 478 1787 per
494 1734 608 1788 pratum
625 1721 792 1790 exemplum.
812 1721 881 1776 Cum
898 1737 964 1792 ergo
989 1739 1037 1793 pe·

245 1805 320 1862 nitus
338 1807 486 1861 remittitur
500 1807 525 1861 ei
542 1820 684 1877 peecatum
700 1810 791 1880 quoad
816 1822 934 1880 reatum,
951 1813 1038 1870 idest

244 1908 377 1967 qtrantum
393 1899 426 1953 ad
441 1899 561 1954 debitunt
582 1916 671 1971 poenae
695 1913 813 1967 aeternae,
832 1905 980 1961 remissum
996 1916 1038 1963 est

243 1991 334 2058 qrtoad
364 1990 447 2046 Deum
475 2011 481 2046 :
505 1992 559 2048 Sed
587 1994 653 2064 qnia
681 1999 804 2065 peccarit
829 1998 911 2052 etiam
939 2008 1035 2055 eontra

243 2080 411 2147 proximum,
425 2092 511 2138 restat
525 2099 606 2152 poena
631 2087 789 2156 temporalis
805 2087 830 2143 ei
855 2089 1035 2161 injungenda.

242 2168 377 2225 Praeterea
393 2172 457 2242 qnia
473 2189 554 2227 nemo
577 2185 667 2231 certus
683 2188 725 2233 est
750 2187 842 2232 utrum
867 2195 961 2235 revera
986 2183 1037 2237 lia-

243 2258 306 2313 beat
317 2277 410 2316 reram
430 2265 624 2320 contritionem
647 2282 696 2336 per
719 2284 802 2337 qnam
820 2269 845 2323 ci
863 2271 954 2325 omnia
973 2287 1037 2340 pec·

243 2360 304 2406 cata
325 2354 441 2408 remissa
467 2356 538 2419 sint;
556 2357 617 2412 ideo
630 2356 726 2414 datum
741 2370 784 2415 est
806 2376 821 2414 a
846 2361 903 2416 fleo
915 2362 1034 2419 officium

243 2443 445 2509 sacerdotibus,
461 2453 492 2498 ut
513 2450 712 2514 poenitentibus
736 2463 939 2508 sacramentum
954 2457 1036 2510 abso·

242 2534 357 2589 lotionis
371 2534 539 2607 impendant,
555 2549 583 2594 et
593 2543 745 2597 secundnm
757 2544 829 2613 qnod
842 2546 960 2601 riderint
973 2548 1035 2604 illos

243 2625 403 2695 dispositos,
423 2628 556 2699 maiorem
581 2640 628 2686 aut
642 2632 777 2688 minorem
793 2635 939 2706 injungant
953 2639 1035 2693 satis·

156 2736 161 2743 ·
242 2716 401 2774 factionem.
420 2718 514 2790 ltaque
528 2723 657 2779 sacerdos
673 2725 756 2780 soluit
769 2741 817 2793 per
833 2728 919 2798 culpat
934 2738 960 2784 et
973 2745 1033 2799 poe-

241 2823 285 2862 nae
300 2809 508 2879 relaxationem,
524 2821 551 2867 et
574 2814 684 2883 qnando
701 2831 749 2885 per
770 2820 1032 2888 reconciliatienern,

242 2898 270 2953 in
285 2898 435 2956 Ecclesiam
452 2902 575 2972 inducit;
591 2906 669 2976 ligat,
692 2909 803 2978 qnando
825 2912 960 2967 sententia
981 2929 1032 2968 ex-

241 2994 503 3053 eontmunieationis
513 2998 639 3056 subditos
654 3000 716 3058 ferit
732 3002 766 3057 ⁸⁸.

546 3135 660 3193 cuent
679 3137 725 3194 xl.

243 3219 339 3289 Opinio
355 3238 444 3277 eerttrn
459 3226 504 3294 qni
523 3226 626 3293 dicuat,
642 3229 713 3299 qnod
727 3237 861 3300 pertractes
882 3235 1030 3291 ubrefntie·

275 3307 319 3345 aet
332 3309 391 3362 quoe
404 3296 472 3364 fierit
483 3298 515 3350 ab
528 3301 656 3369 episeopis
668 3302 695 3353 in
708 3303 789 3357 curiis
801 3305 903 3374 officiis,
915 3324 967 3361 arou
977 3310 1032 3362 rint

275 3372 355 3420 rete.

274 3450 399 3508 l‘racdieti
418 3456 500 3510 etiam
519 3457 640 3514 baeretici
664 3461 790 3518 nituntur
811 3466 940 3535 probare,
955 3473 1029 3540 quod

238 3544 375 3599 absolutio
397 3563 459 3616 qnae
494 3549 523 3602 fit
553 3552 589 3605 ab
612 3553 749 3622 episcopis
772 3556 798 3610 in
824 3563 1031 3618 consectatione

239 3632 435 3700 Ecclesiarum
449 3637 490 3691 rel
514 3638 541 3692 in
567 3641 630 3695 aliis
645 3641 751 3710 officiis,
767 3661 822 3702 non
847 3650 883 3704 sit
905 3651 1029 3709 habenda

239 3733 307 3778 rata.
323 3726 492 3782 tliuntenim
518 3747 525 3784 ι
551 3729 604 3787 fste
626 3742 733 3790 tenetur
756 3739 788 3793 ad
812 3742 1029 3803 satisfactionem

238 3815 321 3869 trium
339 3832 487 3884 annornm,
510 3836 583 3877 nnus
598 3825 744 3896 episcopus
769 3832 797 3887 in
820 3839 1028 3896 consecratione

237 3905 320 3961 tinius
331 3909 454 3964 ecelesiae
469 3910 580 3967 dimittit
594 3914 618 3968 ei
641 3918 748 3973 tertiam
760 3935 875 3991 partem,
889 3931 1028 3987 secundus

238 3996 343 4051 relaxat
359 3999 441 4052 aliam
456 4001 562 4055 tertiam
577 4014 694 4073 partem,
718 4020 746 4064 et
771 4017 868 4071 tertius
893 4019 1026 4091 reliquam

237 4089 341 4142 relaxat
363 4091 481 4156 tertiam,
496 4092 559 4160 qnia
584 4103 687 4151 tantam
706 4111 866 4168 potestatem
885 4110 1027 4168 relaxandi

237 4177 337 4232 tranent
364 4182 502 4236 secundus
530 4193 557 4237 et
585 4187 681 4242 tertius
703 4203 834 4259 quautam
860 4207 887 4254 et
908 4203 1025 4270 primns.

234 4267 312 4335 Quod
331 4271 353 4326 si
368 4281 410 4326 est
428 4288 476 4342 pro
497 4275 584 4331 tribus
599 4279 688 4335 obolis
702 4292 728 4336 et
743 4288 873 4355 nummis,
890 4292 1025 4350 relaxabi-

1091 429 1113 483 si
1130 438 1227 498 potest.
1243 429 1313 496 Quia
1325 431 1383 500 ipsa
1395 435 1516 490 ebaritas
1536 437 1627 491 reddit
1641 438 1779 497 bominem
1796 460 1880 514 para-

1090 527 1159 584 tum,
1181 532 1212 575 ut
1227 536 1282 577 non
1306 525 1393 578 solum
1413 526 1498 594 illam,
1521 543 1617 584 rerum
1641 532 1723 586 etiarn
1746 536 1880 605 majorem

1089 611 1233 680 compleat,
1249 613 1272 666 si
1288 614 1313 668 ei
1327 613 1526 685 injungeretur.
1541 618 1627 685 Talis,
1648 623 1671 676 si
1685 625 1778 694 implet
1799 628 1879 696 illud,

1089 718 1206 773 proquo
1221 704 1293 760 facta
1307 716 1349 760 est
1371 708 1502 764 relaxatio
1524 712 1559 765 ab
1576 714 1716 784 episeopo.
1736 733 1790 773 non
1805 722 1879 777 rela-

1089 796 1186 850 xande
1198 810 1287 864 poenae
1302 798 1462 864 intentione,
1484 801 1530 854 setl
1551 818 1584 856 ex
1599 806 1742 864 charitatis
1759 808 1878 880 fervore,

1089 897 1117 940 et
1130 886 1238 943 decedit
1262 898 1325 944 ante
1348 903 1486 960 peractam
1510 895 1710 962 paenitentiam,
1725 903 1881 960 remittetur

1089 978 1115 1032 ei
1132 987 1239 1034 tantum
1262 981 1295 1035 de
1319 996 1400 1049 pretia
1416 985 1585 1054 purgatoria,
1601 996 1732 1057 quantuor
1756 993 1782 1046 in
1806 1011 1880 1064 prae·

1089 1071 1158 1125 senti
1175 1072 1275 1126 saeculo
1288 1073 1313 1126 ei
1334 1075 1467 1128 relaxarit
1489 1075 1634 1147 episcopus
1646 1081 1739 1154 266.
1756 1084 1879 1143 Dicimus

1088 1163 1171 1216 etiam
1195 1164 1267 1232 quod
1293 1165 1373 1220 liceat
1396 1166 1566 1236 spiritualem
1583 1186 1692 1240 pteram
1712 1182 1878 1233 commutari

1089 1252 1116 1305 in
1130 1254 1314 1323 corporalem,
1332 1257 1371 1308 rel
1390 1259 1589 1325 pecuniariam,
1603 1277 1664 1330 qnae
1685 1263 1713 1318 in
1737 1266 1879 1337 plerisque

1087 1341 1167 1411 longe
1182 1344 1290 1413 grauior·
1304 1348 1439 1415 corporali
1456 1349 1489 1402 ⁸⁸.
1501 1348 1557 1405 Nec
1568 1350 1624 1418 isti,
1636 1355 1683 1424 qni
1695 1370 1728 1410 ex
1741 1359 1878 1415 ebaritatc

1087 1434 1192 1490 accedit
1203 1435 1237 1503 ⁸2,
1250 1437 1279 1491 tlt
1293 1440 1473 1496 commutatio
1485 1456 1572 1510 prenae
1582 1453 1714 1513 quantam
1727 1449 1761 1503 ad
1774 1450 1876 1519 ipsum,

1087 1525 1153 1594 quia
1169 1542 1223 1581 non
1239 1528 1291 1583 bae
1306 1531 1456 1588 intentione
1472 1531 1535 1589 facit
1550 1535 1615 1592 illud
1637 1552 1687 1606 pro
1702 1555 1756 1610 quo
1779 1543 1815 1598 sit
1829 1559 1876 1598 re-

1086 1614 1200 1683 laxatio,
1217 1619 1320 1675 seilicet
1331 1630 1360 1676 ut
1374 1623 1510 1680 relaxetur
1522 1626 1556 1681 ab
1569 1627 1691 1698 injuncta
1704 1634 1877 1704 paenitentia,

1052 1698 1073 1753 Β
1088 1709 1135 1763 sed
1151 1710 1210 1764 solo
1227 1712 1327 1767 intuitu
1342 1715 1498 1773 charitatis.
1523 1706 1650 1775 Nee'rntt
1675 1730 1704 1776 nt
1725 1724 1877 1794 relaxetur,

1087 1801 1134 1855 sed
1151 1800 1252 1857 babeat
1272 1806 1444 1875 propositum
1464 1809 1623 1879 perficiendi
1638 1815 1838 1884 paenitentiam,
1851 1817 1877 1875 si

1087 1892 1158 1948 fleus
1181 1899 1348 1952 concesserit
1363 1900 1457 1954 vitam.
1473 1900 1543 1967 Quia
1567 1904 1651 1974 igitur
1672 1909 1801 1977 proponit
1813 1926 1875 1967 earn

1086 1982 1227 2050 perticere,
1248 2000 1300 2041 nec
1320 1987 1348 2040 ia
1370 1988 1430 2057 ipso
1456 2000 1579 2047 remanet
1605 1995 1670 2063 quin
1695 1999 1827 2065 perficiat,
1850 2002 1875 2056 si

1086 2073 1247 2143 prinsquam
1263 2076 1396 2145 perficiat,
1410 2080 1526 2149 decedit,
1542 2083 1641 2154 etipse
1663 2086 1809 2157 episeopus
1822 2090 1876 2146 bae

1086 2165 1239 2222 intentione
1263 2169 1378 2237 relaxat,
1394 2180 1425 2226 nt
1449 2172 1476 2226 in
1492 2178 1651 2243 purgatorio
1665 2179 1691 2233 ei
1714 2180 1818 2251 aliquid
1840 2184 1876 2238 de

1088 2272 1170 2326 poena
1194 2258 1353 2316 relaxetur:
1370 2263 1426 2329 isti,
1450 2265 1474 2320 si
1496 2264 1578 2322 fuerit
1601 2279 1688 2325 morte
1709 2283 1874 2341 praeventus,

1087 2359 1192 2404 tanturn
1205 2350 1239 2405 dc
1251 2366 1332 2421 poena
1342 2356 1493 2425 purgatorii
1507 2359 1684 2429 relaxabitur,
1697 2373 1830 2432 quantana
1843 2365 1872 2419 itt

1087 2446 1138 2501 boc
1154 2447 1255 2503 saeculo
1268 2449 1301 2505 de
1317 2465 1398 2520 poena
1415 2453 1556 2522 temporali
1569 2456 1719 2512 relaxatum
1730 2473 1791 2515 este
1802 2459 1877 2517 ride·

1086 2537 1170 2592 bitur.

1384 2655 1500 2713 (turbt
1520 2658 1577 2716 xlt.

1087 2743 1183 2814 Opinio
1204 2743 1312 2801 t'ffortntt
1336 2750 1381 2813 qni
1404 2750 1496 2804 dicunt
1511 2754 1641 2824 sttffrapin
1664 2755 1714 2811 iffa
1732 2773 1791 2829 qttoe
1804 2760 1873 2830 finnt

1120 2814 1285 2941 mitigasti
1298 2829 1360 2872 sunt
1381 2819 1410 2872 t'tt
1434 2834 1541 2890 peccato
1556 2826 1675 2895 mortali,
1689 2844 1741 2882 nen
1763 2842 1873 2887 arctant

1045 3031 1067 3088 c
1119 2996 1219 3053 Dicunt
1232 2999 1314 3055 etiam
1328 3002 1449 3072 praetlicti
1462 3004 1582 3063 baeretici
1594 3008 1667 3078 quod
1682 3012 1818 3068 orationes
1828 3014 1872 3069 rel

1089 3090 1220 3162 suffragia
1233 3108 1328 3148 eorum
1342 3095 1389 3165 qui
1402 3106 1466 3152 snnt
1479 3097 1506 3152 in
1522 3101 1686 3157 mortalibus
1698 3105 1818 3173 peccatis
1835 3105 1870 3173 ’⁸,

1083 3184 1227 3239 animabus
1241 3195 1413 3241 mertuorum
1429 3202 1485 3243 non
1502 3201 1628 3259 prosunt.
1649 3191 1717 3248 Nam
1730 3195 1870 3264 quomedo

1084 3281 1173 3341 potest
1187 3274 1249 3328 aliis
1262 3275 1392 3343 prodesse
1414 3279 1461 3348 qtri
1482 3280 1534 3335 sibi
1549 3297 1603 3337 non
1618 3294 1709 3354 potest
1722 3288 1871 3356 prodesse?

1082 3360 1160 3430 item,
1177 3365 1265 3419 oratio
1281 3382 1342 3436 qnae
1354 3367 1383 3422 ftt
1398 3369 1425 3423 in
1439 3371 1543 3427 orantis
1555 3376 1714 3442 perniciem,
1729 3381 1869 3449 quomodo

1081 3455 1133 3508 erit
1145 3455 1171 3509 in
1185 3456 1299 3512 alterius
1313 3460 1453 3515 salutem?
1468 3463 1521 3519 boc
1531 3471 1627 3520 ‘antem
1641 3469 1758 3538 probare
1776 3471 1870 3526 nitun-

1082 3551 1126 3597 tur
1142 3548 1352 3604 auetoritatibus
1366 3561 1393 3605 et
1409 3553 1574 3611 rationibus.
1590 3555 1662 3612 llicit
1681 3560 1753 3615 enim
1774 3572 1869 3618 aucte-

1080 3636 1149 3692 ritas
1167 3655 1174 3691 :
1194 3655 1203 3689 t
1222 3636 1250 3692 Si
1273 3640 1296 3695 is
1311 3640 1438 3710 displicet
1451 3646 1497 3714 qui
1514 3645 1547 3701 ad
1565 3647 1790 3707 intercedendum
1804 3655 1868 3709 mit·

1080 3729 1157 3797 titur,
1176 3731 1238 3786 irati
1253 3732 1355 3801 judicis
1380 3736 1490 3793 animus
1516 3738 1549 3793 nd
1572 3739 1708 3797 deteriora
1732 3758 1867 3814 protoca-

1080 3829 1134 3877 tnr.
1158 3822 1275 3879 altem:
1296 3844 1306 3878 ι
1332 3824 1384 3892 Qut
1409 3829 1536 3885 indevote
1561 3841 1632 3901 orat,
1655 3834 1789 3903 judicium
1814 3837 1867 3892 sibi

1079 3915 1209 3983 postulat.
1229 3936 1239 3968 t
1256 3915 1308 3972 Sed
1321 3920 1368 3987 qui
1384 3919 1436 3974 sibi
1460 3922 1487 3975 in
1508 3924 1632 3981 oratione
1653 3927 1775 3997 postulat
1794 3927 1867 3997 judi·

1079 4006 1164 4074 einm,
1188 4009 1326 4076 qttotttodtt
1348 4011 1411 4065 aliis
1435 4015 1556 4082 postulat
1578 4020 1754 4074 remediumf
1775 4020 1863 4077 ltem:

1081 4097 1174 4153 Oratio
1189 4100 1247 4168 ejus
1262 4102 1311 4170 fiet
1323 4103 1350 4156 in
1366 4116 1504 4172 peccaturo
1519 4108 1707 4180 (Patienti).
1721 4112 1864 4179 Quomodo

1078 4203 1142 4259 ergo
1164 4189 1333 4246 adsalutem
1357 4194 1496 4252 aliorum?
1521 4198 1586 4254 ftem
1609 4201 1654 4255 ille
1676 4205 1723 4272 qni
1745 4212 1864 4260 meretur

1078 4282 1208 4338 offensam
1231 4286 1302 4354 atiud
1319 4286 1404 4342 ileum
1420 4291 1482 4360 quia
1500 4302 1571 4359 orat,
1586 4297 1724 4364 quomodo
1737 4312 1788 4367 pro
1809 4299 1864 4354 alio

235 4368 278 4413 tur
302 4364 458 4430 paenitentia
486 4367 611 4424 triennis.
637 4368 714 4434 item.
740 4375 889 4436 indisereta
915 4384 1022 4442 ridetur
1038 4374 1061 4428 Ῑ)
1075 4376 1234 4444 Ρθῖθΐῑώῑῑῗ
1247 4376 1384 4434 Pfiffwff
1395 4381 1467 4436 ellim
1479 4383 1549 4437 Μ’
1560 4384 1641 4453 Dm,
1655 4405 1736 4457 ‘ium
1746 4398 1774 4442 Μ
1785 4408 1864 4444 Μ·

233 4467 294 4506 esse
311 4454 355 4508 illa
371 4457 515 4523 relaxatio,
534 4476 585 4515 uec
610 4478 687 4533 aequa
704 4467 902 4530 satisfactionis
916 4492 1024 4535 reeom-

232 4546 367 4614 pensatio,
393 4547 415 4603 si
440 4565 489 4619 pro
512 4567 567 4608 uno
583 4554 721 4613 oboleret
744 4576 867 4634 nummo,
886 4569 1023 4627 relaxetur

232 4635 317 4690 unius
329 4639 392 4692 anni
408 4640 570 4698 satisfactio.

269 4729 371 4788 Verum
387 4736 420 4790 ad
436 4739 562 4806 praedicta
574 4742 704 4812 dicimus,
718 4750 791 4819 qtrod
811 4752 855 4809 ille
870 4756 913 4811 etti
928 4758 1023 4829 injun-

231 4823 304 4897 gitur
317 4827 477 4894 satisfactio,
491 4831 651 4891 charitatem
675 4839 757 4897 babet
771 4845 812 4899 rel
827 4862 892 4903 non.
911 4848 940 4905 Si
954 4854 1022 4908 cha·

230 4916 339 4973 ritatenr
356 4934 410 4974 nen
435 4920 526 4982 babet.
540 4925 609 4981 nibil
623 4929 649 4983 ei
664 4933 699 4985 ab
714 4936 844 5005 episcopo
859 4940 1019 4998 relaxatur:

1075 4483 1119 4522 res
1138 4467 1263 4537 justitiet
1287 4488 1370 4539 meas,
1386 4484 1412 4529 et
1435 4478 1550 4530 assanda
1574 4489 1758 4535 testatttentrttn
1777 4499 1862 4536 ineunt

1073 4572 1119 4626 per
1133 4575 1162 4612 ot
1178 4561 1274 4615 tuum?
1291 4560 1378 4630 (reat.
1393 4566 1451 4636 xc.)
1467 4563 1533 4620 ftem
1548 4575 1575 4621 et
1586 4570 1737 4624 rationibus
1747 4572 1863 4640 probare

1073 4659 1229 4706 conantur:
1246 4650 1380 4710 Sacerdos
1405 4656 1433 4710 in
1458 4657 1567 4712 mortali
1592 4669 1705 4728 peccato
1728 4661 1860 4729 existens,

1072 4740 1137 4795 dnm
1151 4742 1269 4799 celebrat
1285 4745 1389 4812 divina,
1403 4756 1451 4801 ant
1464 4757 1536 4815 orat,
1552 4749 1624 4804 aetio
1647 4750 1694 4806 illa
1713 4753 1786 4806 mala
1807 4762 1860 4819 est,

1071 4841 1098 4886 et
1113 4848 1160 4902 per
1176 4833 1246 4889 bane
1260 4835 1311 4890 sibi
1324 4846 1444 4892 meretur
1457 4853 1566 4907 poenatn
1582 4849 1722 4909 aeternam,
1738 4858 1861 4915 ergoca-

1071 4922 1132 4977 dem
1151 4939 1206 4979 non
1228 4934 1349 4982 meretur
1375 4927 1422 4983 alii
1441 4931 1636 4987 relaxationem
1658 4949 1747 5003 poenat
1762 4954 1769 4990 ι
1784 4935 1858 4991 nulla

230 5005 259 5061 Si
276 5024 341 5062 vero
356 5010 519 5066 charitatem
533 5013 624 5082 babet,
640 5031 687 5075 ant
708 5024 744 5078 stt
758 5024 785 5079 in
810 5026 953 5095 charitat„
967 5033 1021 5088 boc
1070 5015 1145 5070 enim
1157 5018 1263 5072 actione
1278 5028 1369 5088 potest
1383 5021 1445 5092 quis
1459 5025 1558 5078 mereri
1580 5025 1682 5080 bonurn
1699 5039 1726 5082 et
1744 5029 1857 5084 malunt.

229 5101 313 5154 ditttl
326 5103 350 5156 ei
363 5104 494 5170 clamitat,
509 5114 538 5160 ttt
552 5111 675 5175 perficiat
690 5117 881 5183 poenitentiam
901 5123 953 5178 sipi
976 5124 1019 5179 jn.
1070 5103 1148 5174 item,
1162 5106 1229 5163 dicit
1243 5111 1392 5166 auctoritas
1414 5113 1486 5180 qnod
1503 5113 1576 5170 illius
1600 5119 1749 5173 sacerdotis
1774 5121 1858 5176 missa

226 5188 360 5262 junctam,
375 5209 424 5249 nee
436 5195 557 5266 seips-mn
571 5200 671 5269 palpet,
685 5210 855 5274 corporalem
877 5211 1019 5268 declinans
1070 5200 1206 5257 iubenda
1217 5216 1271 5258 ¹¹⁰⁰
1283 5210 1334 5271 ²⁵²,
1350 5203 1384 5258 ¹¹²
1396 5218 1451 5274 (1⁰⁰
1466 5204 1653 5263 induistilllei
1666 5220 1774 5267 ⁰⁰⁰⁵¹³i
1785 5210 1858 5284 ‘1¹¹⁰‘¹

881 5365 1000 5422 tantm
1020 5364 1212 5422 tttcttorttts

245 5457 267 5490 ⁸⁸
284 5459 317 5513 fn
333 5463 470 5532 impresso,
490 5478 583 5523 votnm
598 5472 754 5528 confitendi.
792 5475 814 5506 ⁸⁸
833 5476 1014 5533 Prrecedentie
1026 5480 1115 5533 omnia
1131 5480 1157 5532 t‘tt
1172 5480 1299 5549 impresso
1316 5479 1552 5536 baleletttaririnc
1564 5483 1625 5538 inde
1639 5483 1727 5549 aliter,
1743 5492 1768 5538 et
1780 5486 1857 5541 atride

227 5528 336 5585 obrrnre
352 5549 361 5585 :
376 5536 421 5587 aed
435 5547 460 5589 et
473 5536 499 5590 iu
516 5555 565 5594 nrt.
580 5543 622 5594 aia
637 5558 728 5597 renarra
750 5545 847 5615 niiqnia
862 5549 950 5618 coflipi
967 5551 1063 5618 potnit.
1103 5551 1126 5580 ⁸⁸
1146 5550 1187 5604 lfa
1198 5551 1321 5619 babebat,
1339 5567 1402 5606 nant
1422 5552 1447 5604 in
1475 5554 1665 5621 pecuniarum,
1687 5571 1748 5626 qnae
1763 5566 1855 5611 tamen

228 5598 391 5682 plerumque
406 5606 514 5683 gravior
527 5619 569 5662 est
583 5614 728 5682 corporali.
769 5616 791 5647 '⁷
812 5615 845 5671 fn
862 5619 991 5689 impresso
1006 5621 1056 5690 air,
1071 5620 1128 5676 sine
1143 5636 1231 5691 rente,
1248 5622 1292 5678 isti
1309 5622 1352 5678 cni
1365 5636 1396 5678 et
1411 5621 1543 5679 ctuntate
1556 5625 1670 5680 accedit.
1711 5625 1734 5658 ⁸⁸
1754 5624 1788 5681 fn
1802 5628 1855 5680 int·

228 5682 327 5737 presto,
344 5686 390 5739 qur
408 5689 434 5727 tn
454 5686 540 5732 morte
555 5690 629 5735 aunt.
