3992 6042
162 173 217 230 tut
533 163 792 223 DlSTiiiCTiDNES
811 161 999 221 DICTIDNUD
1020 156 1145 218 ruunt.
1166 190 1200 201 -
1220 155 1288 212 tet
1304 152 1371 210 VEN
1723 150 1778 208 Dbb
1800 220 1802 223 ι

162 290 242 345 illud.
258 287 410 357 Aliquando
425 300 475 356 pro
490 264 601 349 saltem,
624 292 655 337 ut
678 298 739 337 curu
752 281 867 337 dicitnr:
883 277 944 333 Nou
958 284 981 342 Α
993 274 1181 347 praedicabunt
1205 271 1253 342 qui
1272 269 1469 326 antichristum
1490 267 1681 323 intitulatutur.
1697 264 1779 322 Notat

162 383 202 437 ais
223 381 291 435 illud
306 381 400 450 fucere,
426 378 465 432 uei
481 376 548 431 iilud
572 374 635 444 far,
657 373 684 429 id
704 381 747 430 est
766 373 873 429 saltem.
887 371 945 427 Aii-
993 369 1075 424 etiam
1090 362 1187 435 subjici
1202 364 1316 420 alterius
1335 362 1476 428 dominio,
1493 361 1565 417 uude
1588 361 1687 431 iegitur
1703 359 1778 430 quod

163 474 273 546 quaudo
289 481 364 527 notat
385 469 594 541 disjunctionem
606 469 676 524 inter
688 476 780 540 partes
801 465 942 536 temporis,
992 459 1080 515 Adam
1094 456 1216 514 uendidit
1230 470 1259 511 se
1270 456 1381 511 diabolo
1393 455 1467 525 pomi
1480 455 1583 511 adolio.
1599 452 1680 508 Notat
1694 454 1777 509 etiam

163 573 194 620 ut
221 580 283 620 curn
314 563 428 628 dicitur:
458 559 511 615 iste
538 569 593 613 tota
611 557 654 613 die
682 565 741 612 urat
757 559 796 611 oct
821 555 900 627 tepit,
916 555 944 611 td
992 567 1130 623 exponere,
1147 548 1328 607 uudeDaviti:
1347 547 1779 618 Vendidistipapuiunttuumsine

163 664 214 719 est,
231 653 257 708 iu
272 668 326 708 una
341 661 416 723 parte
441 663 500 705 orat
517 658 543 706 et
561 649 588 703 in
615 648 668 703 alia
694 647 768 717 legit.
784 645 942 717 Aliquando
992 654 1110 714 peccato.

165 758 253 800 tanuen
282 742 421 813 distinguit
446 741 516 797 iuter
542 740 692 807 vocabola,
721 747 752 795 ut
780 738 803 793 si
832 738 942 794 dicam:
1034 736 1176 804 Venenum,
1188 735 1307 807 proprie.
1332 732 1438 789 Dicitur
1461 732 1596 803 deceptio,
1621 733 1693 790 uode
1724 730 1778 785 Da-

165 836 305 894 Martiana
321 834 445 888 reticui.
865 894 868 897 ,
993 832 1059 887 vid.
1088 831 1218 887 Venenum
1236 828 1360 899 aspidum
1387 825 1435 881 sub
1464 826 1544 880 labiis
1555 843 1656 883 aarum.
1673 825 1778 882 Dicitur

205 929 335 992 Velamen,
350 923 467 997 proprie.
476 922 580 978 Dicitur
589 922 668 979 etiam
680 921 857 987 verecundia,
873 918 944 976 uude
994 939 1039 979 ars
1055 925 1172 994 usatica,
1186 922 1259 978 unde
1273 919 1411 987 veneticos
1425 928 1506 974 vocat
1519 918 1582 973 illos
1602 921 1650 990 qni
1664 920 1780 991 magicis

163 1017 320 1074 tibimeleelr
344 1018 383 1072 ait
407 1015 509 1070 Sarae:
540 1012 608 1069 Eece
633 1014 705 1068 mitte
728 1023 864 1084 arpenteas
884 1013 945 1067 elerii
994 1015 1239 1071 utarrturartibus.
1256 1012 1372 1067 Eosdem
1387 1012 1467 1067 etiam
1492 1020 1605 1067 sarnatus
1615 1010 1734 1068 ioannes
1750 1013 1779 1067 in

165 1109 243 1180 [ratri
256 1116 311 1173 ruo,
321 1107 368 1160 dac
379 1106 428 1159 erit
441 1104 487 1158 ribi
499 1105 527 1158 in
539 1103 653 1158 uetanten
665 1088 811 1168 oculorum,
826 1103 904 1159 idest
916 1103 943 1158 iu
994 1109 1080 1179 Apoe.
1097 1117 1177 1163 uocat
1189 1107 1335 1162 veneticos.

165 1201 366 1260 uerecundiam.
391 1199 455 1269 qnia
487 1198 626 1254 immunda
652 1198 818 1267 deprebensa
833 1212 873 1252 es.
898 1194 944 1250 Di·
1034 1199 1127 1255 Venire
1151 1198 1222 1255 idem
1238 1197 1364 1269 estquod
1390 1199 1439 1253 ire.
1463 1196 1639 1255 Notaretiam
1664 1200 1779 1270 gratiam

165 1292 237 1346 citur
262 1290 413 1346 obscuritas
438 1289 519 1360 legis,
545 1288 615 1344 nude
639 1287 786 1358 Apostolus
815 1287 853 1342 ait
880 1286 942 1356 quia
993 1291 1111 1358 ininndi,
1126 1291 1341 1346 undecennes
1357 1290 1395 1346 ait
1410 1291 1444 1345 ad
1459 1288 1637 1346 Nicodemum
1660 1292 1695 1347 de
1719 1291 1780 1363 Spi-

165 1383 255 1436 adlruc
279 1382 401 1436 uelamen
425 1380 542 1451 positum
558 1389 695 1448 estsuper
719 1377 815 1433 taciem
840 1377 943 1448 btoysi‘3
993 1382 1047 1435 ritu
1061 1390 1175 1438 saneto:
1194 1380 1286 1435 Nescis
1296 1381 1364 1436 unde
1380 1382 1477 1450 uernat,
1492 1394 1580 1453 etqua
1595 1383 1685 1450 nudat,
1699 1383 1780 1441 idest

164 1489 213 1542 per
226 1472 336 1543 Moysen
356 1472 409 1538 lex,
435 1485 483 1539 per
508 1468 603 1525 iaciens
625 1468 811 1539 intelligentia,
839 1482 944 1538 perre-
995 1475 1040 1529 cni
1056 1473 1277 1543 seperpratiam
1293 1471 1429 1528 iniuudat.

164 1567 254 1620 lamen
279 1564 431 1621 obscuritas
447 1561 614 1632 designatur.
977 1578 979 1581 ·
1035 1564 1138 1632 Venter,
1151 1564 1383 1637 proprio-Dicitur
1398 1566 1479 1621 etiam
1494 1566 1637 1632 memoria,
1651 1566 1715 1637 quia
1727 1568 1780 1624 sic·

206 1654 385 1711 tetamentum
412 1653 530 1726 propriu·
559 1652 663 1708 Dicitur
689 1653 842 1724 protectio,
872 1650 944 1708 unde
958 1639 980 1695 Β
994 1666 1026 1714 ut
1040 1657 1270 1713 tenteroontiuet
1293 1672 1389 1723 escas,
1409 1657 1446 1712 ita
1469 1665 1496 1711 et
1514 1657 1647 1712 memoria
1671 1667 1780 1712 seruau-

164 1748 265 1803 David:
294 1746 328 1801 ln
338 1746 481 1802 retamenta
495 1744 599 1799 uiarum
614 1752 730 1799 tuarum.
746 1743 849 1800 Dicitur
861 1744 942 1800 etiam
996 1751 1057 1812 tias,
1073 1747 1209 1805 uuderDe
1220 1746 1382 1803 abararntiris
1400 1748 1452 1802 tatu
1465 1749 1625 1819 adimpletus
1639 1760 1678 1805 ear
1693 1759 1780 1805 unser

164 1842 268 1909 ligura,
293 1838 365 1894 uude
375 1837 474 1893 dicitur
488 1836 561 1907 qtrod
585 1835 731 1907 Evarrgeiia
757 1836 879 1890 latebant
892 1834 944 1890 sub
993 1856 1094 1897 aarum.
1110 1838 1216 1894 Dicitur
1234 1840 1357 1895 doctrina
1374 1839 1489 1911 legalis,
1514 1843 1586 1897 uude
1600 1840 1725 1897 Cirristns
1741 1843 1780 1897 ait

164 1930 317 1982 tetamento
344 1926 421 1997 legis.
580 1940 583 1943 ’
994 1933 1027 1987 ad
1041 1929 1149 1985 Patrem
1165 1946 1173 1982 t
1192 1926 1231 1983 Dc
1251 1938 1338 1983 uentre
1352 1933 1446 1983 matris
1468 1946 1548 1996 ntea,
1566 1931 1638 1984 Deus
1662 1947 1733 1984 tuens
1753 1946 1780 1985 es

207 2017 276 2073 Veiis
299 2017 408 2088 proprie
434 2025 512 2072 notat
546 2016 651 2071 ratione
674 2015 787 2079 mureti.
813 2015 885 2071 unde
915 2015 943 2070 iu
995 2030 1041 2089 nt,
1057 2021 1137 2077 idest
1146 2035 1180 2076 ex
1193 2034 1249 2090 quo
1260 2021 1405 2091 suscepisti
1420 2021 1571 2077 doctrinam
1587 2023 1700 2091 legalem
1718 2039 1781 2093 qrrae

164 2112 295 2181 Apostolu
316 2128 325 2164 .·
354 2108 423 2165 Vtile
441 2108 504 2163 miii
520 2108 634 2178 adjacet,
657 2107 779 2178 perticere
793 2116 945 2162 autemnon
993 2112 1047 2170 tun
1063 2112 1174 2181 matris,
1193 2112 1277 2168 idest
1292 2109 1452 2185 Sprrapogae.
1469 2113 1573 2169 Dicitur
1587 2129 1645 2181 cor,
1662 2115 1732 2171 unde
1752 2117 1778 2171 in

165 2205 286 2268 irruerria,·
309 2212 336 2258 ei
348 2202 411 2257 tlibi
427 2202 453 2256 iu
469 2202 564 2257 eodem
573 2198 646 2256 rura
666 2200 735 2255 etim
745 2200 814 2271 titud
826 2200 884 2254 ttit
895 2199 943 2254 bt·
994 2206 1086 2262 Cauta
1097 2205 1212 2262 Dilectus
1225 2220 1298 2259 meus
1311 2205 1384 2259 misit
1399 2200 1596 2259 manuninum
1607 2208 1780 2276 perforamen

165 2316 228 2355 uum
252 2298 300 2352 irae
318 2313 378 2366 aaa.
408 2294 488 2351 Notat
502 2294 534 2349 ad
555 2293 679 2350 effectum
695 2292 853 2363 producere,
873 2291 944 2347 uode
993 2295 1065 2352 etad
1076 2295 1245 2365 tactsmejus
1259 2304 1347 2351 uenter
1369 2311 1441 2349 meur
1452 2296 1627 2363 contremuit,
1646 2296 1672 2351 iri
1685 2307 1726 2352 cst
1744 2297 1779 2353 ari

165 2392 199 2447 de
224 2388 280 2445 Deo
302 2390 402 2445 dicitur
424 2404 432 2442 τ
456 2384 552 2443 Orruit
579 2400 736 2457 eructuate
760 2382 841 2438 tuitii
870 2383 942 2454 tecit.
994 2388 1201 2460 inspirationem
1211 2386 1330 2445 divinam
1340 2388 1559 2443 eorrtremnitcor
1568 2404 1668 2444 meunt.
1679 2388 1780 2446 Dicun-

165 2482 246 2539 Notat
269 2483 421 2547 causabere,
443 2480 515 2536 uude
538 2479 573 2536 de
594 2477 650 2534 Deo
672 2477 771 2534 dicitur
792 2476 864 2548 qnod
889 2475 944 2532 uuit
994 2490 1039 2535 tur
1049 2477 1215 2537 infirmiores
1225 2477 1273 2549 qui
1286 2479 1384 2533 suntin
1392 2477 1515 2536 Ecclesia
1524 2478 1663 2545 Dei,unde
1672 2481 1777 2539 Dauid.

165 2593 253 2631 annues
269 2576 387 2629 dominer
402 2571 488 2630 saluas
503 2572 571 2642 fieri.
586 2567 667 2626 Notat
691 2568 769 2641 signa
796 2569 945 2626 uoluntatis
993 2571 1110 2630 Factum
1128 2581 1168 2628 eat
1182 2586 1229 2626 aar
1242 2586 1328 2625 mum
1344 2580 1470 2642 tauquam
1493 2587 1554 2627 cera
1583 2571 1726 2644 liquescens
1750 2576 1780 2630 in

165 2670 302 2734 exbibete,
314 2666 386 2722 uude
397 2666 424 2720 in
438 2663 584 2736 Evangelio
594 2678 602 2716 ἒ
613 2661 773 2728 &imiimi
787 2664 887 2732 ‘iiiiii‘
900 2677 945 2717 Μ·
990 2668 1081 2725 media
1090 2666 1188 2724 ventrio
1197 2664 1265 2731 mei,·
1281 2672 1308 2720 et
1322 2665 1386 2722 aliisi
1403 2684 1410 2719 :
1432 2664 1526 2721 Venter
1541 2675 1600 2721 tuus
1609 2668 1679 2722 sieut
1692 2677 1780 2723 crater

165 2764 204 2817 tui
218 2777 382 2832 canprepare.
398 2758 477 2814 Notat
492 2755 646 2828 approbare,
668 2754 740 2811 uude
755 2754 855 2809 dicitur
871 2754 944 2824 qrtod
995 2760 1140 2817 tmattttr.
1166 2759 1277 2825 Venter,
1296 2759 1342 2829 qui
1358 2767 1400 2814 est
1422 2759 1533 2813 mot-lior
1547 2774 1613 2828 pars
1643 2761 1778 2831 corporis,

166 2855 237 2911 Deus
253 2854 309 2910 ruit
319 2854 405 2908 stratos
418 2850 553 2907 demutari.
995 2852 1155 2909 intirmosiu
1166 2852 1287 2910 Ecclesia
1302 2851 1351 2908 Dei
1365 2851 1511 2923 sigonium,
1524 2851 1713 2922 quibusetiarn
1724 2866 1779 2908 nra·

206 2943 309 3007 Vtilis,
332 2942 450 3011 umbrie·
479 2938 582 2993 Dissiffli
606 2935 735 2991 iudaicus
755 2934 870 3006 D⁰lt¹¹¹t¹⁸
896 2934 944 3006 qui
996 2942 1094 2999 triiesta
1105 2951 1148 2999 est
1163 2943 1294 3014 sapientia
1310 2941 1413 2997 Christi
1433 2950 1460 2996 ct
1475 2942 1613 3007 noluntas,
1626 2943 1705 3014 cujus
1719 2959 1780 2998 rna-

165 3025 943 3103 primoptuviadiriuaegrotiaeestirrigatus,t1uitatueu
994 3033 1135 3090 attestatio
1170 3034 1304 3107 figuratur
1342 3047 1390 3103 per
1432 3030 1654 3103 liquefactionem
1688 3035 1779 3092 cordis

165 3126 200 3181 ab
215 3123 335 3180 Ecclesia
351 3121 430 3192 quasi
445 3121 505 3176 oris
522 3118 752 3175 suoreliereerat
773 3117 942 3187 spoliandus.
994 3126 1107 3183 chtisti,
1136 3126 1242 3182 Dicitur
1271 3124 1452 3189 sensualitas,
1480 3125 1551 3179 unde
1585 3126 1611 3179 tn
1647 3126 1777 3181 Psalmo:

165 3219 270 3275 Dicitur
287 3215 427 3289 Slssassssssi
442 3220 594 3279 mciii,
609 3210 681 3266 ”nde
695 3210 724 3266 5¹¹
741 3209 851 3266 Piilffl⁰
866 3226 874 3263 ²
892 3209 945 3265 Di·
994 3217 1198 3290 Cunpiutinatns
1212 3225 1251 3273 ert
1267 3217 1295 3271 in
1306 3224 1376 3271 terra
1389 3223 1584 3270 uenternaater.
1594 3213 1697 3272 Dicitur
1708 3233 1780 3272 com·

164 3312 268 3367 scendet
286 3309 363 3378 quasi
378 3307 466 3377 pluuia
483 3306 511 3359 in
521 3304 613 3371 aetius,
629 3302 694 3374 quia
708 3303 783 3373 prius
797 3300 883 3374 gratia
896 3299 944 3356 Dei
976 3311 1106 3382 «passio,
1122 3311 1194 3366 unde
1208 3307 1293 3365 isaias
1311 3326 1318 3364 :
1339 3307 1432 3364 Venter
1452 3322 1523 3361 meus
1548 3308 1583 3361 aa
1598 3307 1676 3362 Moab
1689 3319 1719 3364 ur
1739 3311 1780 3364 ci.

166 3401 340 3458 descenderat
352 3399 380 3452 in
392 3397 510 3462 lutiaetsr
526 3396 560 3452 de
583 3394 684 3466 quibui
698 3395 779 3466 elegit
793 3393 942 3466 ²D0810¹0b
995 3406 1072 3461 tiara
1091 3404 1233 3469 clamabit,·
1260 3404 1287 3460 id
1310 3413 1352 3459 est
1367 3402 1560 3461 ab‘e'ctusureae
1582 3404 1780 3472 compassionis

166 3494 269 3549 Dicitur
279 3492 362 3547 Misia
377 3490 452 3560 Vis8⁰
464 3488 593 3559 8¹⁰ii⁰iis
610 3486 682 3542 ”¹¹⁶0
693 3485 733 3542 ⁸5⁰
744 3495 832 3555 D⁰bt⁸¹
845 3486 944 3556 exponi
994 3498 1183 3555 consonabunt
1195 3495 1311 3553 miseriae
1320 3493 1399 3549 Moab
1415 3488 1487 3549 sicut
1500 3493 1608 3549 chordae
1630 3503 1792 3567 consonant,

166 3588 292 3660 ptaedictt
306 3583 469 3640 tutitiiiw
482 3579 702 3636 Dtioeitdtititii'
716 3577 805 3649 iiiiii
815 3577 942 3643 stituit·
995 3588 1023 3644 io
1037 3590 1152 3645 eithara.
1168 3587 1272 3643 Dicitur
1283 3588 1461 3654 coruscieutia,
1483 3587 1556 3643 uode
1567 3584 1637 3641 ier:
1659 3585 1779 3642 Ventrem

166 3681 230 3752 quia
242 3677 377 3742 Christus,
393 3674 452 3730 siue
466 3675 540 3729 omui
554 3672 667 3743 strepitu
680 3671 781 3737 caruis,
800 3668 946 3725 besoeudet
995 3692 1081 3732 rmum
1096 3676 1182 3732 dalea.
1199 3677 1304 3733 Dicitur
1318 3677 1473 3747 paradisus,
1490 3677 1563 3733 uude
1574 3674 1625 3734 iob
1639 3696 1647 3736 ι
1661 3677 1717 3734 Cur
1727 3694 1779 3733 nan

167 3772 194 3827 iu
214 3782 320 3825 uternnr
340 3765 463 3838 uirginis.
488 3762 522 3819 tu
546 3778 665 3834 ootrgrua
680 3761 945 3819 similitudotrellus
995 3769 1124 3826 comittit
1153 3769 1223 3824 attia
1246 3770 1343 3823 uentris
1355 3770 1400 3840 qui
1414 3771 1528 3839 portauit
1546 3786 1597 3837 snt,
1614 3770 1778 3827 resalutant

166 3863 239 3919 enim
266 3860 423 3932 accipiendo
444 3859 487 3915 rei
513 3856 649 3914 reduendi)
673 3870 783 3927 aquam,
809 3854 945 3926 integrum
995 3862 1068 3918 rnatu
1078 3861 1110 3916 ab
1121 3861 1205 3916 acutis
1219 3858 1347 3922 uncialis
1358 3861 1485 3932 paradiso
1499 3877 1616 3933 namque
1628 3865 1777 3921 humanum

167 3964 268 4021 tuauot,
284 3953 355 4009 sicut
377 3953 405 4007 io
427 3951 537 4025 Virgine
568 3948 708 4021 integritas
737 3955 800 4003 aute
825 3956 944 4019 partum,
995 3969 1082 4025 genus
1097 3954 1171 4008 reiut
1186 3953 1328 4008 desem
1342 3952 1455 4022 prodiit,
1469 3951 1515 4007 ubi
1530 3954 1673 4024 conceptio
1684 3964 1777 4012 nostra

167 4057 228 4120 post
247 4058 365 4118 partum,
379 4045 407 4100 iu
424 4055 502 4117 partu
518 4041 679 4114 permansit.
994 4045 1197 4111 samarritani
1207 4043 1285 4115 origo
1295 4043 1436 4099 homiuum
1449 4045 1532 4100 lromo
1541 4044 1647 4115 primus
1673 4045 1777 4103 babita-

207 4139 292 4205 Vena,
303 4138 420 4210 proprie.
436 4135 540 4192 Dicitur
556 4134 662 4190 initium
676 4132 774 4188 diriuae
788 4131 945 4203 inspiratio-
995 4138 1049 4204 rit,
1074 4138 1122 4194 seri
1132 4138 1213 4209 liuius
1227 4137 1329 4192 reatris
1340 4136 1409 4192 ostia
1420 4139 1652 4208 serpensaperuit,
1669 4139 1777 4210 quaudo

167 4228 306 4290 Distltttde
324 4228 394 4284 Job:
412 4226 530 4297 Suscepit
548 4226 620 4280 attrt't
650 4240 708 4278 mett
735 4239 811 4278 vertat
830 4223 942 4278 susurri.
994 4245 1078 4302 prata
1100 4229 1276 4301 persuasione
1291 4230 1428 4284 hominem
1445 4244 1460 4283 a
1476 4230 1602 4300 paradiso
1626 4231 1715 4300 ejecit,
1731 4229 1776 4285 Di.

168 4321 272 4376 Dicitur
285 4319 361 4390 otini)
387 4316 481 4383 ianuis.
509 4315 612 4370 Dicitur
636 4315 716 4370 eiiam
746 4313 854 4385 linistis
874 4313 946 4370 “⁰1¹0
961 4327 983 4382 D
997 4324 1067 4379 uitur
1080 4337 1153 4389 caro,
1168 4323 1239 4379 uttde
1253 4321 1282 4378 itt
1300 4320 1409 4377 Psalmo
1424 4339 1431 4376 :
1448 4320 1625 4377 Conturbator
1639 4324 1721 4385 est‘in
1734 4323 1776 4378 ira

169 4416 290 4471 snitum:
306 4410 376 4467 Vertit
388 4418 513 4479 cot't’ttpbtt
521 4417 546 4462 ei
553 4409 644 4480 justus
654 4406 843 4461 cadenacorum
854 4406 947 4476 impio.
999 4413 1090 4469 octtitts
1103 4430 1186 4481 mette,
1200 4415 1291 4468 anima
1301 4429 1358 4487 ntea
1368 4424 1392 4468 ιι
1405 4422 1493 4468 pentat·
1502 4429 1584 4468 mette,
1596 4411 1699 4470 Dicitur
1710 4429 1775 4469 apg.

167 4508 263 4563 Evertit
274 4505 346 4562 enirn
362 4519 443 4581 saepe,
467 4511 495 4557 ut
514 4502 561 4572 qui
585 4501 682 4570 maiori
707 4500 821 4555 scientia
843 4497 947 4570 praediti
997 4507 1075 4571 sitta,
1091 4504 1164 4562 unde
1179 4506 1213 4561 de
1232 4501 1327 4573 iniquo
1344 4503 1444 4560 dicitur
1462 4504 1489 4559 itt
1510 4501 1584 4559 tot:
1604 4503 1775 4576 confringent

168 4598 315 4670 fulgebant,
331 4595 364 4651 ati
380 4595 506 4650 initimum
533 4591 594 4662 plus
616 4592 734 4646 ualentes
748 4604 842 4660 sapere
865 4601 947 4660 quam
997 4599 1106 4652 muttit
1122 4595 1245 4671 pauperis
1269 4595 1388 4662 damant,
1410 4596 1497 4666 rapuit
1519 4604 1544 4651 et
1565 4612 1616 4651 nan
1637 4596 1775 4668 edificabit

168 4689 304 4760 fragilitati
323 4704 482 4745 concessura
499 4694 541 4741 est
561 4685 698 4749 humanae,
725 4682 885 4753 insipientiae
906 4681 948 4736 io·
996 4707 1071 4756 eam,
1089 4707 1135 4746 mc
1158 4699 1197 4745 ast
1219 4689 1333 4744 satiatas
1357 4687 1525 4753 trituratus,
1551 4687 1580 4744 ln
1607 4687 1774 4744 uetustas,

168 4796 244 4835 ream
256 4780 390 4835 decidant.
408 4778 512 4833 Dicitur
528 4777 568 4832 ris
582 4776 694 4848 ingenii,
707 4776 779 4832 unde
792 4776 860 4831 solet
870 4775 924 4830 diei
938 4793 945 4831 ε
996 4783 1128 4854 Damnmp
1138 4782 1244 4853 nuperis
1259 4781 1401 4853 cantrinpit
1415 4792 1440 4836 er
1454 4781 1554 4848 nudat,
1567 4782 1614 4852 ,qui
1625 4797 1684 4836 euin
1700 4795 1774 4851 auem

168 4873 225 4928 liae
239 4874 363 4943 processit
378 4888 410 4927 ea
422 4888 486 4926 uena
502 4871 598 4942 inpeuii
612 4872 671 4924 ruri.
694 4869 798 4925 Dicitur
812 4869 946 4923 maneries
996 4877 1196 4947 perpotentiam
1210 4875 1324 4929 nauales
1339 4876 1460 4941 conterit,
1472 4874 1619 4944 exspoliare
1627 4888 1773 4944 qnoqmpa

168 4976 255 5034 terrae,
272 4964 343 5020 ande
356 4964 408 5021 iob
422 4982 428 5018 :
444 4964 531 5019 Habet
546 4974 685 5035 arpentum
699 4979 824 5018 antarum
837 4978 945 5015 suarum
996 4965 1139 5017 auaritiam
1151 4979 1202 5017 non
1214 4965 1353 5018 erubescit.
1365 4963 1444 5034 Rapit
1457 4972 1482 5018 et
1506 4980 1557 5017 nun
1576 4963 1691 5032 adipsal
1704 4979 1763 5018 earn

167 5060 308 5130 principia.
995 5055 1059 5127 quia
1086 5071 1138 5109 nun
1165 5056 1251 5111 solum
1279 5058 1312 5111 rie
1335 5074 1383 5131 sua
1406 5055 1474 5111 nibil
1499 5056 1600 5121 tribuit,
1626 5058 1671 5111 sed
1696 5059 1772 5113 etiarn

207 5152 333 5219 Vendere,
349 5151 467 5221 propriess
488 5150 567 5207 Notat
581 5151 663 5206 etiam
678 5149 844 5220 predicaret
859 5147 945 5204 sancti
995 5148 1065 5219 quad
1086 5157 1143 5203 erar
1157 5148 1275 5204 alienum
1300 5150 1371 5205 tulit.
1387 5149 1457 5203 Deae
1474 5164 1534 5219 erpa
1548 5148 1689 5204 subditur:
1705 5149 1772 5206 «nte

169 5246 237 5303 ettiru
254 5245 444 5315 praedicatores
467 5245 686 5313 praedicationem
707 5249 859 5312 prerogant
873 5250 899 5296 et
913 5241 942 5296 tt-
996 5244 1110 5298 rutiatns
1124 5250 1163 5296 eat
1177 5253 1264 5298 uenter
1276 5243 1360 5313 ejus.»
1381 5240 1476 5296 Venter
1486 5241 1580 5311 qnippe
1590 5242 1673 5312 iniqui
1686 5242 1767 5298 atari·

171 5340 227 5399 iem
241 5338 372 5407 apostolis
387 5345 544 5406 reportant,
566 5339 638 5392 unde
657 5334 776 5392 loannes
787 5337 814 5390 in
832 5334 917 5405 Apoc.
936 5352 943 5390 ε
996 5335 1034 5389 tia
1046 5344 1094 5404 est,
1107 5336 1169 5407 qnia
1181 5336 1209 5390 in
1220 5339 1280 5406 ipsa
1289 5334 1424 5405 eaiitpitnr
1434 5334 1690 5406 qudquiaperaersa
1702 5335 1771 5390 dest·

169 5429 209 5486 Ne
223 5430 282 5503 quis
301 5428 383 5499 possit
397 5426 503 5480 uendere
526 5426 563 5480 uei
578 5443 662 5481 emere
674 5429 725 5481 uisi
742 5428 801 5498 quis
825 5426 944 5482 babuerit
994 5428 1068 5482 deria
1080 5426 1203 5500 plutitnr.
1218 5428 1309 5498 Liquet
1323 5443 1381 5482 uera
1403 5428 1467 5498 quia
1492 5428 1605 5482 atsutia
1618 5426 1770 5483 desiderati«

168 5527 342 5581 characterem
357 5528 403 5573 aut
415 5534 507 5574 namen
524 5517 632 5583 beurim
651 5521 714 5590 qnia
728 5519 779 5589 ipsi
805 5518 944 5576 Antichri·
995 5523 1070 5574 rabus
1094 5536 1146 5575 nan
1168 5520 1307 5587 rnirtuitur,
1336 5520 1382 5574 sed
1393 5531 1514 5591 cupetur.
1532 5520 1635 5578 Dicitur
1655 5520 1763 5575 luxuria

168 5625 237 5669 stum
251 5630 305 5670 nou
319 5611 603 5670 notemuturaedieare
617 5618 754 5673 sanctum,
777 5610 839 5669 illos
854 5610 942 5669 solnm
994 5612 1067 5671 sicut
1079 5611 1221 5670 Domiuiea
1235 5624 1301 5669 uoce
1324 5614 1442 5673 serpenti
1467 5613 1569 5672 dieitur
1593 5630 1601 5644 ·
1625 5611 1763 5671 Pertarse
