3992 6042
225 229 262 287 gp
866 212 973 272 nuath
991 211 1037 267 nt:
1056 211 1194 272 rustinus
1824 211 1860 268 68

225 338 303 412 quie,
320 336 394 395 sicut
408 332 436 390 in
453 331 522 388 hore
537 340 581 389 ιιι
597 345 661 403 spes
674 331 783 387 lructus
798 338 825 385 et
843 343 860 384 a
874 328 941 388 hore
953 342 1018 399 per·
1033 334 1056 389 Α
1069 326 1149 397 quasi
1163 326 1281 398 loquens
1299 324 1333 381 ad
1358 325 1481 397 virgines
1503 324 1631 396 groriosae
1645 321 1766 394 Virginis
1792 338 1862 380 con·

226 430 336 487 venitur
348 428 381 484 ad
395 427 527 492 lructum,
542 424 584 481 sic
608 439 657 495 per
671 424 744 480 hanc
758 421 1017 494 contemplationem
1069 419 1197 476 sobrinae
1215 419 1244 474 in
1260 418 1335 475 lruuc
1348 417 1482 475 modom:
1499 418 1602 487 Adiuro
1615 433 1672 485 roa,
1690 416 1756 485 ptioe
1780 415 1862 471 Jeru-

226 520 428 594 aenigmaticam
444 518 617 589 suspiramus
627 518 663 573 ad
681 525 822 573 aternam.
846 515 898 572 Per
914 515 1018 572 malum
1069 509 1165 577 telem,
1177 509 1203 564 ld
1219 519 1262 565 est
1288 509 1411 581 uirgines
1435 507 1547 575 ludeae,
1570 509 1624 563 hoc
1641 508 1715 564 circa
1729 523 1778 563 ros
1803 517 1860 562 eta·

226 628 292 669 roro
326 626 389 682 ιιι)
420 609 560 667 robustior
587 616 640 676 cst,
674 607 847 679 significatur
875 605 1016 673 tortitudo,

227 710 344 776 quaeest
365 702 394 757 in
416 700 660 770 contemplatione,
675 713 759 769 quam
778 697 872 755 nullus
895 705 1019 754 terreno·

226 810 289 853 rum
304 793 454 864 appetitus,
477 791 571 846 nullus
585 783 795 846 tribulationum
817 789 1018 862 impulsuspo·

226 897 281 945 test
296 886 449 942 inlirmare.
466 881 551 955 Virgo
564 897 631 955 ergo
656 883 685 938 in
705 883 937 953 contemplatione
951 898 1018 940 corr·

227 978 346 1043 hrnrata,
361 975 483 1031 invitans
503 973 613 1029 sodales
637 974 673 1029 ad
702 974 943 1045 contemplationis
960 973 1018 1032 lor·

227 1066 387 1134 titudinem,
402 1066 458 1121 ait:
475 1064 582 1120 Fulcite
596 1081 636 1120 ote
647 1065 771 1136 poribus,
790 1068 887 1137 stipate
904 1085 945 1124 me
960 1085 1018 1124 ota-

1070 601 1157 668 hiliri,
1187 612 1217 659 ut
1241 602 1318 659 nullo
1332 611 1424 658 uestro
1445 601 1583 672 exemplo,
1600 601 1675 656 nulla
1702 609 1791 657 uestra
1810 600 1861 654 ad·

1069 693 1231 761 monitione,
1246 708 1297 750 uos
1312 708 1374 763 quae
1389 693 1418 748 io
1436 699 1489 749 hoc
1503 700 1609 748 rectam
1630 691 1738 747 lrahetis
1768 691 1860 755 tidem,

1069 794 1174 842 rectam
1187 785 1388 856 operationem,
1406 784 1520 855 possitis
1540 799 1556 840 a
1581 798 1679 854 sopore
1692 781 1863 851 contempla-

1069 877 1132 934 rive
1147 877 1210 934 ritae
1225 878 1259 933 ad
1272 878 1382 951 vigilias
1401 877 1498 934 aetite
1525 877 1589 932 ritae
1602 876 1725 932 excitare
1745 873 1861 929 llariarn

1069 969 1215 1041 virginem,
1230 970 1285 1026 nisi
1298 969 1410 1042 quando
1422 968 1543 1025 voluerit
1562 982 1596 1023 ex
1622 966 1715 1021 divina
1740 964 1863 1034 inspira<-

1070 1061 1183 1118 tioneet
1206 1061 1353 1131 concipere
1375 1069 1404 1117 et
1423 1073 1530 1131 parere.
1549 1057 1604 1114 Per
1628 1072 1737 1127 cupreos
1768 1064 1860 1109 autern

227 1159 450 1230 lingniacum
463 1157 587 1229 langueo,
612 1157 693 1215 idest
717 1166 827 1217 aeternae
842 1160 1019 1218 ritedesido-
1070 1154 1232 1226 intelligitur
1244 1152 1327 1221 fldem
1353 1152 1430 1224 quia,
1458 1151 1531 1209 sicut
1552 1166 1657 1222 caprea
1674 1157 1786 1205 acutum
1811 1148 1863 1203 ha·

226 1253 279 1309 rio.
1070 1246 1135 1303 hent
1145 1247 1246 1311 visum,
1270 1246 1311 1302 sic
1326 1243 1394 1301 ssdee
1409 1244 1491 1300 habet
1505 1243 1625 1315 primurn
1641 1242 1771 1297 intuitum
1783 1238 1863 1293 iutel-

262 1344 343 1402 Loeoo
354 1346 412 1417 ιῙιι
422 1346 471 1402 roi
487 1346 574 1417 cupite
588 1362 656 1413 meo,
678 1355 703 1402 ct
716 1345 824 1402 dextero
836 1346 1019 1417 iiliurompte·
1068 1337 1171 1408 ligendi
1187 1335 1285 1393 ileum.
1301 1335 1482 1392 Pereertum
1497 1334 1545 1405 qui
1559 1342 1602 1390 est
1614 1331 1707 1403 majus
1725 1338 1753 1386 et
1775 1328 1862 1384 roho·

225 1437 336 1492 nubitur
348 1453 399 1492 ure.
1069 1429 1140 1485 stius
1155 1427 1269 1495 animal,
1286 1426 1422 1500 liguratur
1440 1424 1561 1496 perlecta
1585 1422 1719 1495 operatio.
1735 1419 1860 1476 hielsio:

262 1526 335 1594 Quia
355 1528 420 1584 uolo
435 1537 466 1585 ut
477 1529 590 1586 dextera
604 1529 677 1600 ejus,
691 1528 823 1587 diuinitas
843 1529 947 1589 scilieet
957 1530 1018 1601 ejus
1070 1519 1171 1590 Adiuro
1188 1535 1244 1589 ιιι,
1259 1519 1371 1576 inhibeo
1386 1533 1435 1574 vos
1451 1533 1498 1588 per
1511 1532 1622 1587 caprena
1635 1529 1860 1586 cerooaguccom·

226 1619 399 1691 amplexctur
410 1635 465 1687 me,
479 1631 510 1675 ut
522 1621 675 1687 diuinitatis
691 1621 853 1693 participem
866 1637 909 1678 me
922 1621 1016 1679 iaciat.
1069 1628 1187 1683 porum„
1202 1612 1229 1668 51¹
1241 1620 1284 1668 0⁵1
1293 1611 1316 1668 ⁸1
1333 1610 1417 1668 vullis
1432 1608 1534 1667 infimi
1548 1607 1720 1680 Pllslalchfls
1738 1615 1766 1663 ssl
1795 1621 1861 1678 pro·

226 1710 306 1768 hera
326 1711 429 1768 Christi
450 1710 682 1769 huminanatura
696 1715 809 1781 dicitur,
827 1714 950 1784 dextera,
973 1714 1018 1770 di·
1070 1707 1179 1778 phetas,
1196 1704 1245 1776 uui
1268 1705 1321 1761 hoc
1349 1704 1536 1775 predixerunt
1557 1709 1586 1758 et
1602 1700 1862 1772 praeintellexerunt,

226 1804 303 1860 viria.
317 1804 486 1860 inflammata
506 1820 572 1878 ergo
583 1821 676 1863 amore
692 1806 854 1876 divinitatis,
884 1808 941 1864 vuli
961 1823 1018 1865 non
1071 1813 1102 1853 ue
1115 1800 1249 1853 suscitetis
1261 1812 1343 1868 neque
1357 1794 1482 1867 evigilare
1496 1794 1606 1865 sociatis
1617 1792 1743 1847 dilectum
1756 1788 1864 1861 quoad·

226 1902 334 1950 tanturn
367 1894 423 1949 lrui
448 1896 595 1965 prasentia
627 1896 757 1953 humanae
776 1905 892 1963 naturae,
920 1884 1017 1952 uerum
1070 1905 1160 1962 usque
1186 1891 1245 1960 ipro
1273 1890 1344 1945 oeiit.
1359 1886 1444 1960 Virgo
1458 1888 1614 1958 intelligens
1629 1884 1701 1941 hanc
1723 1880 1862 1941 Delordi·

225 1986 311 2042 etiam
337 1994 365 2041 et
385 1986 497 2054 diuinae,
512 1987 576 2057 ouria
601 1987 694 2044 diuina
718 1988 863 2060 prefertur
877 1989 1017 2054 humanm,
1070 1982 1212 2038 nationem
1227 1979 1588 2052 congaudeosdileetosuo,
1602 1977 1659 2033 ait:

225 2076 290 2146 «prtia
304 2074 426 2130 humana
439 2084 539 2132 natura
554 2090 570 2131 a
588 2075 700 2132 Christo
726 2085 768 2132 ost
793 2084 821 2131 ιι
841 2074 893 2130 suh
907 2072 1019 2130 Christo
1111 2072 1169 2128 l'oe
1184 2072 1275 2128 dilecti
1288 2074 1349 2128 mei.

226 2165 272 2220 coi
296 2166 364 2221 nihil
380 2167 470 2223 dehet.
487 2166 536 2224 Vcl
549 2183 598 2238 per
611 2177 694 2238 eaput
708 2175 799 2239 potest
810 2166 925 2236 intelligi
940 2172 1018 2221 uatu-
1106 2164 1193 2233 Quasi
1211 2164 1315 2221 diceret
1327 2183 1335 2219 ε
1349 2163 1414 2221 llaec
1428 2164 1567 2220 ordinatio
1578 2163 1652 2220 laeta
1673 2171 1744 2218 csta
1762 2159 1863 2216 dilecto

227 2257 292 2312 ralis
305 2273 404 2314 sensus
426 2257 454 2313 in
468 2257 592 2330 Virgine,
608 2274 691 2331 quem
708 2258 870 2315 informavit
889 2257 1018 2315 Christus
1071 2274 1144 2327 meo,
1158 2259 1187 2314 id
1199 2267 1268 2315 esta
1279 2259 1329 2314 llei
1342 2257 1424 2326 Filio,
1439 2268 1470 2314 ut
1484 2267 1563 2314 etme
1577 2257 1746 2329 praeeligeret
1757 2262 1785 2309 et
1800 2267 1863 2322 spe·

227 2348 254 2402 in
270 2349 392 2404 lnrnrana
423 2359 533 2430 natura.
547 2349 582 2406 Et
607 2350 648 2407 sic
672 2349 741 2405 laeua
762 2349 867 2406 Christi
890 2348 942 2404 luit
965 2348 1019 2404 suh
1070 2351 1177 2409 cialiter
1187 2351 1323 2422 diligeret,
1334 2351 1545 2421 utconciperem
1558 2348 1617 2406 sine
1627 2344 1861 2419 corroupisceutia,

226 2428 318 2509 capite
347 2437 467 2509 Virginis
488 2458 494 2494 :
518 2438 581 2510 quia
608 2438 813 2510 quodammodo
836 2440 1018 2496 sustentando
1070 2457 1196 2515 parerem
1208 2441 1370 2512 sinepoena.
1384 2439 1419 2496 Et
1432 2441 1539 2496 hocest
1555 2438 1630 2510 quod
1645 2440 1789 2509 sequitur:

226 2529 288 2600 ejus
304 2528 459 2585 naturalem
475 2544 601 2598 scrrsum,
616 2528 797 2598 iralormavit;
813 2539 841 2585 et
853 2530 919 2601 quia
932 2529 1017 2602 Virgo
1034 2524 1040 2559 ³
1106 2534 1176 2590 Ecce
1194 2535 1245 2589 irte
1266 2534 1336 2589 uruit
1356 2531 1455 2588 saliem
1483 2533 1512 2587 iu
1533 2531 1683 2599 uirentibus,
1706 2533 1861 2587 transilieris

227 2636 356 2681 asomno
366 2622 609 2693 contortiplatiouis
620 2639 675 2679 non
686 2623 853 2680 esteacitata
863 2623 1017 2694 usquedum
1071 2625 1161 2681 colica.
1474 2614 1478 2620 ’

226 2712 370 2770 deseendit
380 2713 416 2769 ad
432 2712 540 2784 uigilias
550 2711 678 2782 actionis,
692 2727 781 2784 usque
792 2712 826 2767 ad
837 2721 945 2784 tempus
960 2727 1019 2770 suae
1106 2714 1214 2772 Montes
1233 2715 1407 2785 patriarche,
1433 2712 1518 2769 colles
1542 2712 1693 2783 prophetae,
1707 2712 1736 2767 in
1759 2710 1861 2782 quihus

227 2806 415 2876 conceptionis
430 2814 457 2860 ιι
474 2815 579 2876 partus.
599 2805 688 2862 Etiam
703 2805 769 2877 quia
783 2820 845 2877 post
853 2817 1017 2878 conceptum
1071 2806 1135 2863 salit
1149 2805 1299 2873 Christus;
1315 2805 1380 2876 quia
1393 2803 1444 2876 ipsi
1467 2804 1700 2858 annuntiaverunt
1715 2803 1861 2858 adventurn

227 2897 360 2954 ohsccuta
378 2905 421 2953 cst
435 2895 575 2953 lilizahcth
588 2897 717 2968 parienti,
733 2907 760 2954 et
772 2907 834 2969 post
845 2907 954 2970 partum
969 2917 1018 2957 eu·
1070 2899 1142 2969 ejus,
1157 2897 1327 2969 passionem,
1344 2897 1507 2953 descensum
1533 2895 1569 2953 ad
1595 2893 1709 2961 irrleros,
1737 2910 1863 2952 resurren

227 3006 287 3048 ram
309 2990 407 3047 hahuit
421 2990 470 3046 lilii
493 2990 536 3047 sui
552 2990 694 3047 nutriendi
706 3001 732 3049 ιι
744 2992 893 3062 educandi,
908 2994 1054 3067 elegen-(l
1072 2989 1202 3056 ctionem,
1224 3002 1371 3044 ascensum
1398 2986 1426 3042 in
1447 2986 1559 3042 coelum.
1583 2983 1683 3042 Omnia
1705 2986 1763 3042 haec
1782 2987 1863 3057 quasi

227 3093 270 3141 ter
286 3084 432 3155 sequitur:
1071 3082 1185 3153 guidam
1200 3080 1288 3136 saltus
1307 3074 1430 3143 luerunt,
1446 3078 1494 3150 qui
1512 3087 1603 3134 tamen
1616 3076 1862 3135 transiliitourues.

264 3174 369 3241 Adiuro
381 3191 435 3243 roa,
451 3175 516 3244 pitin
538 3173 697 3244 Jerusalem,
724 3193 772 3247 per
785 3194 894 3248 copreae
916 3196 1020 3236 cereos·
1071 3173 1141 3243 Quia
1158 3172 1271 3230 veniens
1285 3171 1314 3227 iu
1330 3171 1463 3227 mundum
1475 3171 1538 3242 plus
1551 3163 1616 3227 lecit
1629 3177 1657 3225 et
1672 3170 1766 3226 docuit
1777 3186 1862 3242 quom

227 3283 276 3338 grie
291 3284 455 3339 corriperem,
471 3285 503 3325 ue
517 3269 661 3337 suscitetis,
681 3286 763 3342 neque
776 3272 901 3342 evigilare
910 3273 1019 3342 sociatis
1071 3278 1169 3320 omnes
1183 3272 1255 3320 ιθῑιθ
1269 3261 1434 3333 Ριῑιὶθιθῑῑὶθ
1456 3268 1484 3315 θῑ
1497 3260 1646 3331 prophelae·
1664 3258 1742 3316 Unde
1757 3259 1861 3317 Doluit

227 3356 353 3413 dilectore
370 3357 453 3413 donec
479 3360 539 3430 ipro
552 3358 626 3413 uelit.
1074 3377 1083 3411 r
1102 3353 1239 3411 l'elociter
1253 3355 1340 3410 currit
1351 3367 1443 3410 sermo
1453 3351 1514 3425 ejus
1525 3350 1614 3424 (Ptol.
1628 3355 1741 3423 exuunt).
1760 3369 1771 3406 r

261 3448 339 3506 Filiae
348 3449 503 3508 Jerusalem
516 3453 646 3509 dicuutur
659 3455 778 3526 virgines
792 3454 895 3524 ludere,
907 3471 969 3526 qna
982 3456 1018 3511 ad
1107 3448 1211 3505 Similis
1224 3458 1262 3503 cot
1274 3445 1386 3501 dilectur
1398 3462 1470 3501 ruent
1481 3461 1595 3517 coprete,
1604 3442 1764 3517 iriiriruloquc
1773 3456 1864 3500 cereo·

226 3540 433 3597 matrimonium
443 3542 602 3610 aspirabant
613 3543 840 3613 etconceptionis
850 3543 1019 3602 fecunditate
1071 3558 1140 3597 rum.
1575 3544 1581 3581 l

226 3641 256 3688 et
273 3632 360 3702 prolis
385 3632 492 3688 honore
507 3632 605 3689 donari
625 3635 765 3704 uolebant,
782 3651 816 3693 nc
829 3636 1019 3693 maledictioni
1069 3664 1079 3706 t
1105 3630 1209 3690 Similia
1221 3630 1435 3704 reprendicitur
1451 3625 1604 3687 seeundum
1615 3624 1797 3689 divhlutem.
1809 3629 1862 3687 hs·

227 3722 307 3794 legali
328 3722 514 3792 subiacerent,
538 3723 562 3780 si
578 3724 686 3782 stcriles
700 3734 804 3782 essent.
821 3725 855 3781 Et
877 3726 939 3784 ideo
954 3741 1019 3783 con-
1070 3738 1166 3787 serunt
1185 3743 1305 3801 namque
1323 3727 1353 3782 hi
1365 3726 1468 3798 quihus
1479 3725 1579 3796 peritia
1591 3725 1736 3781 medicinae
1748 3734 1800 3791 est,
1816 3726 1861 3781 in·

227 3812 349 3869 sohrinae
368 3811 490 3884 Virginis
514 3814 661 3872 adsimile
693 3814 831 3888 Virginem
853 3816 1022 3887 invitabant,
1069 3824 1207 3881 essehuic
1220 3822 1333 3879 animali
1347 3819 1686 3877 interviscerahumurem
1701 3819 1860 3891 quemdam,

228 3915 259 3961 ut
282 3904 389 3962 scilicet
412 3905 539 3976 nuberet,
556 3907 723 3979 conciperet,
742 3916 861 3979 pareret,
890 3924 925 3966 ne
950 3908 1018 3981 tegis
1069 3916 1117 3989 qui
1129 3916 1274 3987 caliginem
1286 3913 1398 3984 depellit
1412 3913 1567 3979 oculorum,
1579 3924 1607 3970 et
1617 3913 1778 3969 obtusiones
1790 3928 1862 3984 niro·

227 3996 449 4053 maledictionem
464 3998 628 4056 incurreret.
644 3998 697 4056 Sed
709 3997 795 4072 «Virgo
806 4001 835 4057 in
846 3999 1019 4058 contrarium
1069 4023 1123 4079 que
1140 4009 1217 4064 visus
1227 4004 1345 4063 exacuit.
1360 4004 1458 4062 Merito
1472 4020 1538 4075 ergo
1551 4020 1657 4076 capreae
1668 4014 1861 4074 comparatur,

227 4090 319 4146 “ivilla
334 4090 517 4163 ἆὶθβθθῑῑίθιῑθ
538 4101 731 4163 Ριθβθθΰθῐᾶῑ,
745 4092 853 4150 scilicet
872 4102 903 4150 ιιι
920 4102 1018 4149 tntum
1069 4099 1133 4172 quia
1147 4096 1368 4170 nonsolum2ipse
1382 4097 1457 4153 uidet
1472 4095 1593 4163 Patrem,
1606 4095 1654 4151 sed
1670 4094 1756 4150 rideri
1768 4094 1802 4149 ah
1818 4094 1861 4150 his

227 4179 395 4252 uirginitatis
412 4193 548 4251 screarct,
566 4182 619 4238 nisi
633 4181 706 4239 Dens
720 4182 801 4238 aliter
826 4183 977 4252 ordinaret,
990 4193 1019 4240 et
1069 4188 1137 4245 lacit
1148 4204 1267 4261 quorum
1284 4190 1362 4245 risus
1373 4187 1441 4259 ‚ipse
1453 4188 1566 4244 crearit.
1586 4185 1706 4241 lliuuulo
1725 4200 1861 4240 cereorum

227 4272 264 4329 ita
279 4289 294 4330 a
307 4290 407 4344 soporo
417 4276 660 4349 contemplationis
679 4275 712 4331 ad
736 4276 885 4332 tumultum
900 4276 1018 4333 actionis
1069 4289 1256 4353 eomparatur,
1270 4282 1336 4353 quia
1351 4281 1503 4337 secundum
1515 4295 1637 4345 earnem,
1653 4280 1725 4335 lilius
1737 4289 1778 4333 est
1789 4277 1862 4345 anti-

227 4379 282 4420 uon
296 4365 484 4424 descenderet.
498 4366 659 4440 Expeditius
674 4368 749 4424 eninr
779 4376 880 4425 uacant
893 4377 1019 4426 conum·
1069 4388 1188 4444 quorum
1198 4383 1320 4444 patrum,
1332 4372 1380 4444 qui
1392 4386 1537 4428 ceruorum
1549 4371 1660 4426 nomine
1670 4368 1860 4440 designantur.

226 4455 342 4526 platiooi
357 4459 478 4529 virgines
492 4475 575 4531 quarn
587 4459 741 4532 conjuges:
758 4461 852 4516 nrultae
865 4460 939 4516 enim
952 4469 1019 4517 sunt
1049 4528 1052 4535 ὁ
1069 4465 1103 4521 Ει
1115 4480 1179 4522 uere
1194 4465 1294 4522 similis
1307 4474 1352 4520 est
1368 4464 1484 4519 hinnulo
1497 4477 1655 4528 ceruorum,
1667 4461 1733 4532 quia
1743 4463 1798 4530 ipse
1813 4474 1860 4514 as·

227 4547 427 4605 sollicitudines
440 4551 617 4637 temporales,
636 4568 699 4622 qun
712 4552 850 4634 conjugali
866 4555 950 4610 statui
966 4554 1017 4611 ad·
1069 4558 1190 4629 sumpsit
1201 4571 1313 4613 carnem
1326 4556 1494 4623 humanam;
1508 4556 1580 4610 unde
1592 4554 1737 4626 sequitur:

227 4640 342 4708 luerent,
367 4651 398 4697 ut
420 4642 488 4699 dicit
508 4644 667 4715 Apostolus,
688 4655 718 4699 ut
743 4645 863 4700 illiorum
890 4647 1018 4704 educuio
1105 4649 1148 4704 liu
1162 4651 1218 4720 ipre
1231 4659 1285 4704 atet
1295 4660 1354 4720 pest
1369 4648 1499 4719 parietem
1511 4656 1643 4714 nostrum,
1662 4646 1793 4716 aspicieus
1814 4657 1860 4714 per

229 4727 338 4801 (Epirus.
352 4731 403 4801 ιι).
422 4731 507 4803 Virgo
524 4744 615 4790 autem
628 4746 692 4792 ante
716 4737 863 4807 eorreipere
874 4739 963 4794 noluit
975 4739 1018 4796 rel
1069 4741 1212 4811 perterreor,
1227 4740 1389 4810 prospiciens
1401 4755 1448 4811 prr
1469 4739 1611 4795 roncelini.

226 4821 303 4890 prole
316 4824 445 4893 gaudere,
460 4841 545 4894 quant
556 4826 590 4881 ah
606 4829 705 4900 angelo
727 4829 833 4899 accepit
854 4831 897 4887 sui
918 4846 1017 4888 corree-
1105 4830 1201 4888 Parios
1213 4840 1307 4888 noster
1320 4830 1421 4887 dieitur
1435 4827 1761 4899 carouostra,quaeiuter
1773 4835 1860 4881 nosct

228 4921 294 4984 ptos
305 4912 501 4972 lecuuditatem
512 4926 540 4972 et
552 4920 639 4989 prolis
652 4920 795 4977 honorem.
806 4921 840 4977 Et
850 4932 917 4979 tunc
926 4924 1017 4994 primo
1069 4923 1154 4982 Deum
1163 4932 1206 4980 est
1213 4923 1313 4993 posita,
1323 4937 1385 4994 quae
1393 4922 1507 4994 impedit
1514 4935 1549 4976 ne
1558 4921 1643 4977 Deum
1649 4921 1788 4991 possimus
1798 4936 1859 4991 per·

222 5005 314 5071 ,uoluit
328 5016 530 5078 conceptumn
544 5018 666 5081 partum,
683 5027 747 5069 cum
762 5013 818 5069 ait:
837 5032 847 5067 r
865 5014 927 5070 niu
948 5016 1017 5072 mihi
1068 5014 1214 5086 spicaciter
1232 5014 1477 5085 comprehenderet
1497 5012 1859 5084 sedquasiumlrralitcr“et

226 5097 379 5154 secundum
392 5100 506 5156 verhum
523 5109 601 5158 tuom
617 5103 696 5174 (luc.
711 5105 742 5177 ι).
759 5124 770 5159 r
787 5104 875 5163 Filius
889 5122 956 5178 ergo
967 5105 1017 5164 Dei
1067 5122 1116 5178 per
1128 5107 1272 5177 speculum
1285 5107 1349 5164 etin
1364 5106 1507 5179 enigmate
1520 5104 1547 5177 (l
1564 5104 1627 5161 Cor.
1641 5106 1714 5175 aru).
1730 5103 1857 5173 Quandiu

226 5186 269 5244 sic
285 5191 432 5261 ordinavit,
452 5195 567 5252 utnulla
578 5198 778 5268 admonitione,
794 5201 869 5256 nullo
888 5200 1016 5270 exemplo
1066 5197 1140 5252 enim
1153 5197 1237 5267 positi
1250 5213 1347 5254 saurus
1364 5197 1392 5253 in
1407 5198 1545 5269 ergastulo
1553 5197 1656 5265 earnis,
1665 5197 1780 5267 impedit
1793 5207 1858 5250 caro

227 5279 344 5338 aliarum
356 5286 494 5356 uirginum
507 5288 671 5346 invitaretur
683 5291 718 5347 ad
732 5302 882 5364 conceptus
898 5294 940 5349 rcl
951 5309 1016 5364 par·
1068 5298 1162 5346 nostro
1173 5305 1208 5344 ne
1219 5290 1336 5347 intuitus
1350 5290 1556 5348 oostraernentis
1565 5288 1858 5362 possitdirigiadeom·

227 5378 274 5426 tus
290 5378 451 5445 appetitum,
475 5389 623 5452 antequam
650 5382 685 5438 ab
708 5384 805 5456 angelo
829 5384 881 5456 15
907 5387 1015 5445 audiret
1066 5380 1856 5455 prehenderrduursolemdiuinitatisiuxtahuneparietern

227 5458 351 5518 diurnum
371 5468 526 5525 oraculum.
553 5470 741 5529 introducitur
764 5489 831 5547 crgo
855 5472 943 5531 Filius
964 5472 1014 5532 liei
1068 5487 1122 5532 stat
1133 5476 1368 5536 diliuslleinouin
1376 5479 1490 5549 pariete,
1507 5473 1857 5550 rpuiaetsiassnmpsitoar·

857 5586 974 5645 VhlllAE
996 5588 1198 5649 theutones

262 5668 284 5702 ἰ
303 5667 357 5724 lle.
377 5664 473 5727 l'ilinr.
487 5674 679 5732 uirilitatilitcr.
