3992 6042
214 253 270 310 579
855 247 961 305 neunt
978 244 1024 302 tte
1041 242 1178 302 tristius
1797 239 1855 299 380

215 364 250 420 ad
267 359 414 420 ieremiam
429 359 468 415 alt
484 357 631 415 Denrlnus:
649 357 811 430 Priusquam
823 368 847 414 te
862 360 1006 429 [armorum
1021 365 1042 419 Α
1058 357 1177 412 mittitur
1189 354 1226 409 eis
1240 353 1323 424 loqui,
1338 352 1383 407 sed
1403 351 1524 406 subditus
1544 367 1610 417 etse,
1626 351 1694 408 sicut
1706 360 1731 405 ct
1745 352 1789 407 lec
1808 354 1852 408 di·

215 453 244 509 in
258 464 344 520 utero,
358 453 418 507 noui
431 462 464 518 te,
481 460 505 505 et
521 460 661 521 artthuonr
680 451 766 505 scires
791 452 823 505 de
840 452 927 517 uulua,
939 468 1004 506 son·
1057 450 1093 502 rit
1114 446 1237 518 :siquid
1256 456 1344 501 aretem
1362 445 1451 500 uolunt
1465 445 1584 512 discere,
1609 444 1678 498 uiroc
1701 460 1763 499 tuos
1778 446 1853 500 dorni

215 546 331 617 ctificuui
354 555 389 611 tc,
405 545 557 615 prophetent
582 543 611 596 in
636 543 757 613 pentibus
768 544 828 599 dedi
842 554 866 598 te
887 543 955 615 (ier.
971 544 1003 613 ι).
1057 541 1218 608 interropetrt
1227 555 1237 603 ,·
1258 547 1333 606 turpe
1351 539 1421 592 enirn
1434 549 1472 592 est
1497 536 1634 590 rrrulicrent
1645 538 1674 589 in
1688 537 1797 591 ecclesie
1809 537 1850 590 io-

215 639 394 694 Amosetiarn
408 636 475 690 dicit
493 650 523 690 se
537 636 653 689 missum
665 650 757 690 essea
786 634 842 690 llco
853 652 916 691 cum
932 643 1007 692 esset
1057 635 1104 704 qni
1116 631 1143 694 (l
1157 632 1218 687 (ἴοι.
1233 632 1302 701 ιιι).
1319 629 1384 685 item
1405 629 1555 700 Apostolus
1577 629 1604 682 iu
1620 627 1741 698 Epistola
1762 632 1847 699 prirnr

216 740 310 800 pastor
324 727 416 782 orium
434 727 525 794 (uncos
538 725 570 794 ι).
586 725 619 779 Et
642 724 762 794 Spiritus
777 737 890 781 sanetus
915 729 1005 782 intro·
1058 727 1092 781 ad
1109 723 1283 778 Timotheum
1301 741 1308 777 :
1326 722 1424 775 Mulier
1444 723 1472 774 in
1486 722 1592 775 silentio
1604 721 1691 774 discut
1704 737 1762 775 cum
1778 723 1850 776 anani

216 819 327 874 rlueitur
350 818 376 871 in
406 815 539 871 blnlaclria
568 816 601 870 ad
626 815 735 870 Patrem
762 821 798 871 ita
826 817 942 888 loquens
972 819 1007 873 tle
1058 816 1219 884 subjectione
1229 815 1349 880 ;docere
1364 823 1452 867 autern
1467 812 1572 866 mulieri
1586 828 1638 866 non
1653 813 1787 881 permitto,
1804 828 1848 866 ne·

217 910 322 965 irraune
344 909 483 981 Bnptista:
502 909 569 962 Ecce
594 909 671 962 mitto
694 908 823 979 Ampelum
845 927 931 964 areum
944 920 1007 966 ante
1057 908 1253 979 qrrertorrrtnrnr·
1264 909 1291 961 in
1306 908 1390 962 uirum
1402 904 1431 975 (1
1443 904 1511 959 Tim.
1526 907 1566 976 ιι).
1591 903 1629 959 De
1648 905 1692 959 lris
1715 904 1848 961 haereticis

218 1003 314 1074 {acient
332 1010 404 1055 tuam
421 1001 533 1068 (llatae.
550 1000 702 1065 unitatur.
719 1004 760 1061 rr).
777 1000 862 1055 isaias
874 1001 956 1055 ctiam
972 1002 1008 1056 le-
1058 999 1097 1053 ait
1109 998 1192 1055 etiarn
1215 999 1363 1069 Apostolus
1385 997 1414 1052 in
1430 997 1550 1066 Epistola
1566 996 1687 1051 secunda
1706 997 1740 1051 ad
1757 996 1848 1051 Timo

216 1096 318 1166 gitura
342 1095 395 1148 tren
410 1094 512 1148 missus
526 1090 593 1159 lisa.
613 1094 644 1161 ι).
667 1089 698 1145 Ει
714 1092 779 1161 quid
792 1107 862 1161 upus
884 1092 1007 1162 singulos
1060 1090 1154 1145 tlreum
1169 1113 1177 1144 ι
1192 1090 1250 1146 lior
1268 1099 1355 1145 cutem
1371 1092 1448 1156 scito,
1464 1088 1533 1159 quod
1547 1090 1574 1142 in
1588 1089 1743 1143 nouissimis
1757 1088 1848 1143 diebus

218 1184 378 1241 recensere?
392 1183 494 1239 Onures
507 1185 654 1254 propbetas
667 1182 773 1238 Veteris
785 1182 954 1239 Testamenti
965 1186 1007 1239 le·
1059 1182 1197 1237 instabunt
1225 1193 1343 1253 tenrporu
1360 1182 1559 1253 periculosae
1577 1191 1654 1235 eruut
1675 1180 1792 1234 lronrines
1808 1197 1843 1234 se·

218 1278 310 1349 qinrus
332 1294 347 1332 u
376 1277 431 1332 lleo
458 1277 559 1331 missos
578 1275 673 1332 irrisse.
689 1274 820 1331 Similiter
833 1285 860 1332 et
875 1277 1007 1347 discipuli
1058 1273 1129 1344 ipsos
1145 1285 1275 1337 amanites,
1286 1274 1386 1343 cupidi,
1402 1272 1478 1338 etuti,
1494 1272 1610 1342 superbi,
1627 1271 1848 1341 blosplremontes,

217 1358 320 1423 Christi
339 1369 475 1423 dimisum
491 1368 619 1436 apostoli,
631 1369 801 1437 quasisupcr
815 1368 885 1422 alius
897 1369 1006 1427 missi¹,
1059 1365 1211 1438 pereuntibus
1237 1365 1426 1427 inobedientes,
1450 1365 1560 1434 inpruti,
1574 1363 1687 1430 scelesti,
1706 1365 1763 1417 sine
1780 1364 1847 1432 offe·

219 1457 353 1514 Similiter
379 1467 407 1514 et
433 1473 529 1513 eorum
555 1458 648 1513 sicarii
669 1457 747 1513 missi
772 1468 846 1514 suut.
873 1457 926 1513 Per
942 1446 1008 1515 'lroc
1059 1461 1155 1526 ctione,
1170 1462 1227 1514 siue
1242 1476 1316 1530 pore,
1335 1460 1530 1522 criminatores,
1547 1459 1748 1524 incontinentes,
1761 1458 1847 1510 irrnni·

218 1552 301 1606 etiarn
317 1551 390 1621 quod
405 1550 533 1605 Christus
548 1551 625 1605 misit
649 1552 793 1621 apostolos
820 1561 847 1606 et
875 1553 946 1608 alios
972 1555 1007 1609 ad
1060 1551 1848 1623 tes,siueberripnitute,proditures‚proterui,turnidi‚na·

217 1642 434 1713 praedicandum,
450 1641 587 1712 signatum
607 1655 659 1704 est,
677 1644 750 1712 quod
768 1643 890 1698 minores
912 1645 939 1699 in
956 1643 1008 1699 Ee·
1027 1647 1195 1745 Blnptutunr
1215 1653 1348 1699 curatores
1371 1647 1454 1714 ntaqis
1475 1659 1555 1714 quern
1577 1643 1637 1710 Dei,
1650 1642 1773 1698 babentes
1788 1658 1848 1712 spe·

217 1735 300 1790 clesia
311 1734 692 1805 [tripesedicarenondebent,
704 1736 1010 1804 nisiarnaJoribustnit·
1060 1739 1126 1792 ciem
1141 1737 1245 1808 quidem
1258 1737 1377 1806 pietatis,
1393 1737 1517 1790 uirtrrtent
1535 1743 1623 1788 autern
1644 1735 1700 1803 ejus
1720 1734 1851 1806 ubucqcrn·

218 1835 322 1881 tantur,
341 1825 373 1880 Et
385 1841 447 1881 cum
458 1827 485 1879 iu
495 1824 616 1880 Ecclesia
627 1825 673 1880 Dei
688 1826 888 1883 distribuantur
898 1828 1010 1885 ordines
1062 1839 1120 1893 tes:
1137 1838 1162 1882 et
1177 1828 1223 1882 bos
1239 1828 1393 1882 deuitasse
1418 1827 1460 1880 lris
1473 1827 1544 1882 enint
1563 1835 1624 1881 ιιιιιι
1645 1828 1690 1898 qui
1711 1836 1849 1897 penetrent

217 1932 266 1987 per
278 1916 422 1985 majores',
431 1917 468 1970 ita
481 1917 646 1986 praedicandi
656 1917 787 1982 ollicirrm,
800 1934 862 1974 cunr
879 1920 914 1974 sit
925 1920 1011 1974 nrani-

217 2023 293 2063 mum
310 2007 338 2062 in
349 2006 470 2062 Ecclesia
480 2006 537 2062 Dei.
548 2007 581 2061 Et
589 2010 758 2065 sicutnullus
766 2011 921 2081 promoueri
930 2013 1010 2069 debet

216 2099 300 2170 259
319 2100 352 2154 ad
375 2099 570 2167 sacerdotium,
596 2101 647 2155 nisi
670 2115 704 2155 eo
729 2102 810 2159 ruodo
831 2118 887 2173 quo
903 2107 1008 2173 Aaron,

216 2193 270 2248 lroc
283 2201 336 2257 cut,
350 2200 380 2245 ιιι
394 2192 445 2248 sibi
461 2209 516 2247 nott
534 2200 656 2263 usurpet,
672 2195 713 2250 sic
735 2209 786 2250 uec
801 2194 902 2265 aliquis
919 2197 953 2251 ad
967 2194 1010 2252 ol-

216 2285 308 2340 ilcium
321 2285 508 2355 praedicatoris
522 2301 572 2341 sua
588 2287 751 2341 auctoritate
772 2287 902 2343 accedere
915 2286 1008 2343 debet.

218 2374 295 2432 Unde
310 2376 391 2441 Cure,
411 2377 483 2431 sicut
496 2376 595 2444 legitur
620 2376 648 2430 in
673 2375 812 2444 Nurneris,
833 2392 896 2432 erum
914 2379 1009 2448 sociis,

216 2468 282 2538 quia
295 2467 414 2521 alienum
431 2466 550 2521 olllciurn
565 2469 717 2538 usurpavit,
740 2469 802 2539 igue
816 2469 895 2538 periit
910 2468 1007 2541 (Num.

217 2559 285 2626 ιιι).
300 2548 412 2628 Legitur
426 2559 509 2613 etiarn
534 2558 561 2624 iq
582 2558 654 2614 libro
673 2568 773 2629 quarto
797 2558 920 2629 Requm,
934 2561 1009 2628 quod

214 2647 298 2705 Ozias
315 2665 362 2704 res
381 2650 445 2719 quia
459 2649 632 2705 sacrificandi
647 2649 767 2705 officiunt
787 2651 840 2706 sibi
854 2656 1007 2722 usurparit,

215 2742 291 2811 lepra
306 2757 453 2811 percussus
464 2750 506 2798 est
524 2741 549 2813 (l
559 2741 579 2794 V
594 2742 656 2813 Rep.
674 2759 727 2811 xr3
751 2741 784 2797 ll
806 2742 899 2798 Parni.
918 2748 1006 2807 xxrrl.

216 2830 358 2898 Similiter,
383 2832 457 2903 lepra
483 2833 630 2904 spirituali,
646 2833 672 2889 id
697 2842 740 2890 est
763 2845 875 2905 peccato
899 2838 1008 2892 mortali

215 2924 378 2994 percutitur,
403 2926 450 2994 qui
475 2926 662 2995 predicatoris
675 2926 794 2982 officium
813 2927 865 2983 sibi
881 2938 1006 2998 usurpat.

1060 1920 1163 1987 duratos,
1178 1928 1202 1973 et
1217 1920 1336 1988 captiuus
1349 1919 1449 1972 decutet
1460 1917 1642 1986 centimalus,
1654 1928 1777 1974 eructatus
1790 1936 1851 1988 pec·

1060 2011 1138 2076 cutis,
1156 2025 1215 2080 quus
1226 2010 1361 2063 ducuntur
1375 2010 1456 2063 curiis
1469 2009 1619 2075 desideriis,
1634 2025 1735 2080 semper
1746 2009 1850 2065 discen·

1061 2112 1109 2170 ιιι,
1128 2112 1153 2158 ct
1172 2118 1306 2175 antequam
1325 2102 1360 2156 orl
1376 2103 1495 2157 ueritatis
1512 2102 1652 2156 scientium
1673 2103 1849 2172 pervenientes

1061 2192 1105 2263 (ll
1133 2193 1202 2249 Tim.
1231 2194 1285 2265 ιιι).
1325 2192 1387 2250 llaec
1414 2197 1508 2251 omnia
1534 2195 1655 2251 maxime
1683 2197 1850 2251 conueniunt

1060 2284 1267 2351 Walrlcnsibus,
1280 2285 1327 2356 qui
1350 2285 1415 2339 eloti
1430 2294 1504 2351 sunt,
1529 2286 1648 2356 praelatis
1660 2283 1788 2342 Ecclesiae
1802 2288 1851 2342 de-

1060 2378 1216 2444 tralrentes;
1233 2378 1349 2447 superbi,
1372 2378 1483 2449 propria
1508 2393 1592 2448 opera
1614 2378 1766 2448 jactarrtcs;
1791 2378 1851 2433 ble-

1059 2468 1160 2535 spbemi
1176 2469 1203 2521 iu
1220 2467 1306 2523 lleurn
1323 2485 1371 2540 per
1385 2470 1513 2538 ltaereses,
1523 2469 1679 2541 perentibus
1691 2471 1849 2528 carnalibus

1059 2570 1087 2618 ct
1100 2561 1292 2631 spiritualibus
1317 2562 1493 2619 inobedientes
1517 2565 1549 2632 ¹⁰,
1573 2567 1638 2637 quia
1660 2576 1761 2638 rreqant
1781 2566 1848 2622 obe·

1059 2652 1189 2708 dimitiam
1204 2653 1324 2723 praelatis
1335 2653 1407 2722 stris;
1419 2655 1532 2723 scelesti,
1544 2657 1609 2727 quia
1622 2673 1688 2712 suas
1698 2658 1808 2713 animas
1821 2666 1850 2713 et

1059 2745 1127 2801 alias
1151 2746 1243 2815 pravis
1255 2746 1431 2816 dogmatibus
1447 2748 1629 2818 intericiunt;
1642 2750 1698 2803 sine
1710 2749 1849 2818 offertione

1059 2840 1093 2894 arl
1108 2839 1226 2909 aliquem
1245 2840 1284 2905 ¹¹,
1307 2842 1364 2895 sine
1381 2858 1460 2910 pace,
1473 2843 1541 2899 alios
1554 2844 1746 2914 inquietantes,
1758 2843 1849 2896 crinei-

1059 2938 1175 2995 natores,
1198 2929 1264 3000 quia
1281 2930 1343 2986 aliis
1362 2930 1478 2986 crirniua
1498 2933 1659 3002 imponunt;
1682 2934 1848 2987 incontinen-

215 3019 365 3088 Apostulus
379 3019 461 3075 etiarn
476 3021 510 3075 ad
523 3020 662 3076 Romanos
677 3022 737 3076 ait:
753 3020 891 3088 Quornodo
909 3023 1044 3092 prodi-c
1061 3031 1098 3075 tes
1116 3030 1206 3076 tamen
1228 3021 1255 3075 in
1274 3022 1465 3079 conciliabulis
1487 3024 1546 3079 suis
1573 3025 1643 3094 gulae
1656 3024 1798 3097 indulgent
1821 3032 1849 3081 ct

214 3110 312 3165 cubent
337 3113 392 3168 nisi
419 3115 579 3168 mittuntur?
608 3114 749 3185 (lintres)
777 3115 846 3182 Quia
873 3127 1008 3173 ttonsunt

214 3202 272 3255 reri
286 3203 404 3272 apostoli
419 3203 472 3258 nisi
488 3205 564 3260 missi
580 3207 602 3260 ⁸.
618 3205 697 3271 ltenr,
713 3206 739 3260 iu
750 3205 870 3277 Epistola
887 3208 1007 3263 secunda

214 3290 430 3361 sueorimtrios,
454 3297 755 3368 pseudopraedicatores
779 3299 869 3368 arqtrit
889 3299 921 3366 ⁸,
942 3300 1007 3369 quia

214 3379 292 3436 missi
307 3398 361 3437 reon
376 3393 465 3449 erant,
490 3387 537 3441 sed
560 3403 610 3443 sua
633 3388 795 3443 auctoritate
819 3388 1007 3457 praedicabant

215 3470 259 3543 (ii
283 3473 345 3529 Cor.
362 3478 412 3545 ιι).
429 3475 489 3547 lpse
507 3492 572 3532 uero
587 3479 690 3534 missus
714 3477 766 3533 luit
788 3481 964 3548 asaperiori,
979 3480 1007 3536 id

213 3574 256 3621 est
279 3580 295 3620 ι
308 3565 428 3621 Christo.
449 3566 518 3622 Nam
533 3570 617 3623 etiarn
632 3569 666 3623 ad
680 3568 831 3637 Rortranos,
848 3571 882 3626 de
895 3571 1007 3628 Clrristo

214 3661 340 3730 loquens,
352 3663 390 3716 ait
405 3680 412 3716 ι
429 3660 482 3716 Per
494 3679 569 3732 quem
594 3664 742 3732 occepimus
760 3666 876 3735 pruriunt
898 3674 923 3719 et
939 3683 1005 3736 apo·

214 3751 342 3806 stolatum
369 3750 458 3821 (Rom.
474 3753 494 3819 ι)
508 3754 528 3807 ⁸.
547 3754 691 3821 Quomodo
712 3757 794 3811 etiarn
820 3758 1007 3826 predicabant

215 3842 347 3899 illitterati
361 3842 409 3911 qui
424 3841 583 3913 Scripturas
610 3861 664 3900 non
692 3846 847 3918 intelligunt
862 3849 892 3901 ¹?
915 3864 1007 3903 trortue

213 3947 309 3990 corum
324 3933 482 4001 predicatio
505 3935 596 4004 potius
617 3946 659 3992 cst
676 3937 703 3992 iu
724 3939 832 3993 ruinam
852 3939 1004 3994 multorum

213 4039 295 4095 quam
311 4026 560 4081 resurrectionem?
575 4026 652 4093 item,
667 4032 808 4098 quomodo
829 4032 936 4087 litteras
954 4050 1006 4088 no·

212 4125 320 4181 rerttrrt,
331 4118 379 4187 qui
394 4132 447 4172 non
461 4117 634 4174 didicerunt?
649 4119 779 4177 Videmus
790 4125 872 4177 etiarn
886 4125 1007 4180 sanctio-

213 4225 258 4265 res
271 4209 304 4265 iis
320 4226 373 4264 noo
392 4209 551 4279 praedieare,
568 4213 616 4280 qui
639 4212 807 4267 intellectum
825 4231 912 4270 sacrae
934 4215 1008 4272 Seri-

1059 3110 1176 3167 luxuciae
1190 3113 1345 3179 intendunt,
1360 3122 1390 3168 ut
1403 3122 1539 3169 testantur
1553 3113 1593 3169 illi
1608 3113 1654 3184 qui
1668 3128 1683 3167 a
1699 3114 1848 3170 consortiis

1057 3220 1155 3261 cortun
1168 3206 1315 3271 recedunt;
1332 3206 1456 3270 inmites,
1471 3207 1624 3261 exercendo
1639 3206 1699 3262 lites
1712 3225 1719 3272 ;
1733 3208 1789 3261 sine
1802 3207 1848 3261 bo·

1057 3297 1152 3358 nitate,
1167 3298 1232 3367 quia
1244 3296 1391 3352 subuenire
1403 3297 1465 3352 aliis
1479 3298 1589 3362 nolunt;
1607 3299 1766 3368 proditores,
1782 3299 1847 3369 quia

1059 3396 1164 3442 secreta
1179 3387 1296 3441 aliorum
1310 3386 1448 3452 revelant,
1464 3386 1560 3439 tumidi
1576 3387 1658 3441 corde
1672 3386 1770 3449 inflati,
1785 3400 1847 3456 pro·

1057 3475 1120 3531 lana
1138 3476 1270 3547 religione
1283 3477 1403 3547 protcrri
1420 3486 1448 3531 et
1462 3491 1602 3548 procaces,
1619 3479 1731 3547 speeiem
1743 3478 1848 3548 quidem

1056 3569 1165 3636 pietatis
1179 3567 1314 3634 babentes,
1337 3568 1461 3621 uirtutem
1483 3576 1571 3621 autern
1595 3568 1652 3636 ejus
1677 3570 1846 3638 obnequntes,

1057 3658 1121 3728 quia
1136 3658 1308 3714 extrinsecus
1331 3658 1489 3730 religionem
1512 3659 1694 3730 pretendunt,
1721 3658 1848 3713 intrinse-

1057 3768 1106 3807 cus
1121 3763 1211 3807 autem
1228 3761 1293 3808 sunt
1305 3751 1362 3821 lupi
1376 3766 1501 3821 rapaccs;
1518 3752 1582 3807 ceci
1597 3768 1650 3807 nou
1665 3752 1847 3822 intellegentes

1056 3844 1122 3914 quid
1140 3845 1301 3915 loquuntur,
1318 3858 1368 3898 nee
1383 3843 1528 3912 dequibus
1552 3852 1652 3914 aquam
1676 3844 1845 3913 uoluptatum

1057 3945 1206 4002 arrratores,
1226 3935 1352 3990 carnales
1362 3934 1470 3989 laetitias
1485 3936 1672 4004 spiritualibus
1687 3950 1848 4005 praeponen-

1057 4040 1098 4087 tes
1112 4032 1145 4084 ¹¹.
1162 4028 1210 4084 lsti
1233 4040 1298 4085 sunt
1319 4031 1364 4099 qui
1388 4040 1525 4099 penetrant
1548 4031 1639 4084 domos
1653 4030 1794 4084 uiduarum
1820 4038 1847 4084 et

1056 4139 1104 4179 eas
1123 4122 1275 4191 decipiuut;
1290 4120 1316 4173 lri
1332 4129 1396 4175 sunt
1409 4120 1456 4189 qui
1469 4135 1576 4189 semper
1588 4121 1713 4175 {aluerant
1726 4119 1753 4172 iu
1768 4134 1847 4191 gym-

1057 4216 1143 4271 nasiis
1155 4216 1223 4281 suis,
1241 4225 1271 4269 ut
1294 4214 1446 4278 addiscant,
1458 4224 1485 4268 et
1500 4229 1639 4285 unusquam
1656 4212 1690 4268 acl
1703 4213 1847 4269 scientiam

212 4310 300 4370 ptuce
314 4301 425 4368 lrabeat,
449 4311 479 4356 ut
500 4304 602 4359 multos
615 4303 824 4371 cistercienses,
844 4308 908 4376 quia
922 4309 1005 4364 rrirrri·
1059 4310 1183 4367 recitatis
1198 4306 1368 4379 perrcnient.

212 4406 275 4444 rrrrn
286 4391 363 4447 missi
381 4407 435 4447 nou
454 4401 529 4448 sunt.
549 4392 578 4448 Si
593 4394 765 4464 sapientibus
777 4408 804 4452 et
817 4400 920 4454 sanctis
931 4400 1007 4469 peri-
1022 4370 1044 4425 Β

212 4485 340 4539 culusum
372 4485 447 4541 ⁸est
470 4486 639 4554 praedicare,
670 4489 934 4558 periculosissimum
963 4500 1007 4548 est

212 4575 321 4641 idiotis,
341 4577 389 4647 qui
412 4577 540 4633 nesciunt
564 4578 637 4647 quod
664 4581 880 4651 praedieauduru,
902 4584 1005 4654 quibus

211 4667 425 4738 praedicandum,
438 4669 796 4739 quomodopraerliearulum,
811 4675 921 4743 quando
934 4691 1004 4744 prae·

211 4756 372 4824 dicandum,
387 4759 433 4813 ubi
458 4760 675 4827 pncdicmrdunr.
701 4759 753 4831 lpsi
777 4764 859 4818 etiarn
889 4765 1004 4823 obviant

210 4846 345 4917 Apostolo
364 4848 386 4913 ⁹,
402 4850 430 4903 in
453 4849 505 4904 lroc
528 4852 603 4919 quod
632 4851 807 4910 mulierculas
832 4871 925 4912 secum
948 4858 1002 4912 du-

211 4948 290 5007 cunt,
302 4949 330 4995 et
342 4955 390 4995 eas
403 4941 430 4995 iu
443 4953 578 4997 concentu
591 4942 710 4998 lldclium
726 4948 874 5015 praedicare
886 4949 1000 5018 iaciunt,

211 5046 275 5088 curu
294 5033 442 5102 Apostolus
465 5032 538 5089 dicat
558 5034 585 5088 iu
609 5034 728 5101 Epistola
744 5040 832 5107 prima
853 5041 888 5096 ιι]
903 5042 1002 5097 Coriu-

212 5123 494 5181 cuiculitanum
517 5125 628 5184 ecelesia
638 5137 743 5186 taceant
762 5149 831 5189 :non
851 5135 920 5189 eninr
943 5152 1003 5206 per-

1319 4442 1400 4513 200
1418 4439 1534 4496 cucur
1553 4440 1584 4495 ιι.

1057 4534 1158 4600 Quibus
1179 4531 1383 4587 auctoritatibus
1396 4540 1421 4584 st
1444 4530 1592 4584 rationibus
1608 4531 1703 4583 nunniti
1718 4530 1848 4588 ib'olden·

1090 4620 1151 4668 ses,
1167 4605 1258 4657 dicunt
1285 4601 1415 4656 rterrtinem
1437 4600 1529 4655 debere
1557 4599 1640 4654 alicui
1663 4600 1768 4658 obedire
1791 4605 1846 4660 nisi

1091 4673 1157 4728 Deo.

1091 4762 1138 4818 lsti
1150 4763 1311 4819 Walrlenses
1324 4771 1453 4817 asserunt
1465 4759 1601 4816 nerninem
1615 4759 1715 4814 debere
1734 4761 1846 4818 obedire

1056 4856 1139 4913 alicui
1156 4856 1273 4919 lrourini,
1288 4855 1334 4909 secl
1348 4856 1400 4909 soli
1414 4855 1479 4908 [leo.
1495 4851 1573 4919 Quod
1590 4851 1706 4920 probare
1717 4852 1845 4909 nituntur

1057 4949 1220 5005 auctoritate
1232 4946 1304 5000 Petri
1317 4953 1343 5000 et
1354 4944 1479 5008 inarmis,
1495 4942 1542 5014 qui
1561 4948 1591 4997 n:
1613 4942 1640 4996 in
1656 4944 1769 4999 Actibus
1779 4960 1844 5014 apo

1056 5041 1189 5098 stolorum
1211 5040 1320 5110 legitur,
1335 5039 1368 5093 acl
1390 5037 1500 5093 Scribas
1514 5047 1539 5090 et
1556 5035 1710 5092 Pisarissos
1731 5040 1844 5109 loquens

1056 5135 1116 5189 ait:
1134 5132 1188 5190 l'os
1201 5132 1253 5205 ipsi
1267 5130 1387 5203 judicate
1398 5144 1433 5184 ιιι
1448 5128 1540 5200 potius
1551 5128 1731 5184 obediendum
1742 5130 1778 5186 sit
1790 5128 1845 5185 boo

854 5263 972 5321 tantm
992 5266 1195 5324 LECTlONES.

244 5370 256 5402 ¹
271 5368 303 5424 lu
314 5373 451 5443 intpresso,
463 5390 546 5445 super
567 5378 648 5443 alios,
667 5388 694 5435 et
707 5380 776 5436 alios
794 5382 895 5437 missos
915 5384 1003 5440 missi.
1043 5384 1239 5440 'Auctoritate
1253 5381 1378 5452 maioris.
1415 5380 1427 5413 ⁸
1449 5368 1506 5432 lloe
1517 5378 1643 5433 ultimum
1658 5378 1730 5433 deest
1749 5377 1775 5430 in
1792 5374 1844 5456 irn-

209 5453 311 5507 presso.
349 5445 563 5514 'reprehendis
604 5448 790 5504 ‘Toturnboc
808 5452 880 5506 deest
906 5453 933 5506 iu
956 5455 1095 5521 irupresso.
1134 5453 1199 5508 'ln
1223 5456 1350 5521 inrpresso
1381 5450 1442 5503 sic:
1460 5450 1507 5519 qui
1538 5459 1743 5503 sacramentnm
1770 5444 1844 5499 Serr-

209 5514 546 5609 pturaeuoniutelliqunt.
585 5517 647 5572 'ln
667 5520 759 5588 impr„
790 5521 953 5588 periculum.
991 5521 1056 5577 ’lu
1079 5527 1225 5594 impresso,
1256 5532 1351 5577 eontra
1375 5520 1537 5589 Apostolum
1554 5517 1582 5572 iu
1595 5519 1648 5573 lure
1663 5523 1841 5587 presumunt.

211 5576 297 5703 mia
298 5580 449 5721 ειιιιειιιιίιῶ
453 5586 525 5638 deest
547 5587 716 5645 carnalibus.
756 5589 776 5622 ¹¹
798 5586 833 5645 lu
864 5592 1002 5660 impresso,
1033 5594 1093 5650 sine
1115 5594 1258 5650 allectione
1280 5594 1388 5647 arrium.
1427 5591 1449 5622 ¹¹
1467 5589 1551 5645 Plura
1580 5604 1613 5643 ec
1637 5584 1844 5657 precedentibus

451 5668 533 5707 resse.
