3992 6042
870 238 976 298 ALle
995 238 1042 295 bs
1059 238 1195 298 tttstttts

234 362 317 420 Astra
330 374 455 429 moroni,
470 358 605 416 elementa
635 356 735 430 ligans,
754 354 916 427 animasque
936 354 1022 410 mari·
1036 363 1060 421 Α
1073 353 1218 410 brumale
1233 352 1309 409 doras
1325 368 1396 425 opus
1412 364 1518 424 crocet,
1533 369 1600 428 ergo
1616 356 1714 414 labore

915 444 990 519 [tans

234 543 415 617 Corporibus,
428 552 517 599 terras
530 541 619 605 eoelis
632 540 743 596 eoeleste
754 539 876 596 caducis.

236 636 381 706 Quomodo
390 633 522 691 nascendi
534 633 557 666 ¹⁷
574 632 678 688 mundo
696 631 833 701 rebusque
847 629 974 685 creandis

235 726 416 796 Principium,
429 723 502 791 duis,
517 724 668 795 exemplar,
683 720 782 789 lormn,
795 720 924 791 sigillum.

236 817 288 874 liic
300 823 370 882 erat,
383 814 417 868 ad
428 813 512 885 eujus
531 812 650 868 lormam
666 811 777 867 deitatis
792 811 851 867 idea

236 905 378 976 Impressit
396 903 477 959 rebus
491 903 607 967 termas,
622 901 779 973 mundoque
790 901 918 974 dgurnm.

236 994 382 1064 Quomodo
392 994 559 1067 principium
575 993 693 1062 numeri,
710 992 784 1059 lons,
808 1002 907 1061 mater,
920 992 1008 1064 origo,

237 1086 287 1143 Est
299 1101 408 1152 monas,
421 1094 450 1141 et
462 1085 569 1141 numeri
581 1086 616 1141 de
631 1100 661 1141 se
674 1085 747 1156 parit
758 1084 841 1140 unica
856 1085 977 1140 turbent.

238 1178 381 1248 Quomodo
394 1176 478 1248 Virgo
488 1177 570 1248 parit,
583 1177 701 1249 gignens
717 1185 812 1232 manet
829 1176 945 1248 integra,
959 1176 1025 1231 sinr-

916 1267 991 1341 [ples

238 1364 305 1421 Sese
317 1363 489 1436 multiplicat,
503 1362 538 1420 de
551 1378 612 1420 sese
624 1362 721 1435 gignit,
736 1374 763 1419 et
777 1361 805 1418 in
819 1376 850 1418 se

236 1456 398 1528 incorrupta
413 1465 518 1523 menet,
532 1465 628 1527 partus
642 1456 748 1511 imitata
758 1454 890 1525 parentis.

236 1545 306 1615 Quis
318 1563 449 1604 numerus
462 1562 611 1603 numerans
619 1554 757 1614 censetur,
773 1547 837 1618 quis
852 1554 1025 1611 numeratus,

236 1638 305 1707 Quis
320 1639 427 1710 repetit,
442 1640 505 1710 quis
518 1639 668 1705 distribuit,
681 1638 745 1710 quis
761 1639 875 1711 colligit,
887 1638 988 1708 anleu,

237 1732 329 1800 dudit,
344 1740 398 1789 eta
411 1734 501 1803 primo
515 1732 623 1789 radices
638 1732 757 1787 extrahit
771 1741 846 1787 ortu.

237 1823 299 1890 Quo
310 1824 382 1894 juris
396 1824 506 1890 merito,
522 1824 564 1880 tel
577 1839 631 1896 qua
647 1825 755 1881 ratione
768 1833 884 1882 vocetur

236 1915 350 1972 Femina
361 1934 411 1990 par
436 1933 579 1986 numerus,
595 1918 684 1990 impar
699 1934 770 1985 ruas,
787 1918 864 1990 virgo
879 1918 1024 1987 llinerra,

236 2008 293 2065 Cur
305 2010 425 2066 artimam
441 2012 552 2077 eoelum,
566 2011 701 2069 tutionem
716 2010 826 2084 gaudia,
835 2013 918 2068 sitam

236 2101 343 2171 impare
353 2104 406 2160 sub
420 2119 535 2160 numero
546 2105 709 2175 prudentum
723 2106 822 2178 dogma
842 2108 954 2178 liguret;

229 2193 292 2251 'Cur
308 2209 420 2265 eorpus,
435 2204 547 2263 urrant,
561 2211 685 2264 sensum,
698 2198 883 2271 lacrymabile,
898 2208 1025 2265 mortem,

236 2285 544 2359 l‘arnnmerussignet,
560 2289 709 2360 peioraque
727 2289 784 2346 iata
797 2292 936 2363 loquatur.

236 2376 305 2444 Quis
318 2393 450 2433 numerus
461 2389 604 2450 punctum,
620 2381 683 2450 quis
696 2381 778 2448 linea,
792 2383 890 2453 quisve
904 2381 991 2453 ligura

237 2465 333 2533 Plana,
348 2466 389 2521 rel
403 2482 544 2537 :equorum
558 2468 685 2536 laterum,
700 2471 764 2540 quis
778 2471 886 2541 spbaera
900 2482 1026 2540 vocatur,

236 2555 307 2626 Quis
319 2558 455 2629 quadrus,
473 2559 516 2616 rel
531 2559 595 2630 quis
608 2560 725 2630 solidus,
746 2562 810 2633 quis
823 2564 955 2633 pyramis,
980 2575 1027 2621 aut

950 2672 993 2713 ms

236 2741 364 2816 cyclicus
375 2752 455 2810 est,a
469 2758 499 2801 sc
514 2742 561 2813 qui
576 2742 801 2800 circumflectitur
816 2746 844 2801 in
861 2761 901 2803 se.
917 2654 947 2729 [q

1076 443 1186 511 lientis,
1200 455 1228 501 et
1241 445 1356 502 artilicis
1370 447 1466 515 animi,
1483 447 1621 527 studiique
1633 447 1728 506 lavore

1076 534 1197 608 Erigitur
1211 546 1271 593 rota
1288 538 1425 604 mentalis,
1441 547 1504 610 post
1517 540 1655 597 materiali

1076 626 1170 699 Effigie
1180 627 1312 685 describit
1322 645 1403 696 eam;
1420 631 1462 687 sie
1476 641 1569 686 mente
1583 634 1705 702 priorem

1076 720 1203 789 Concipit
1216 729 1246 775 ut
1260 720 1361 790 pariat,
1377 730 1440 776 actu
1454 721 1527 792 parit
1541 722 1587 777 ills
1602 725 1764 780 secundam.

1077 811 1261 867 instrumenta
1278 812 1357 884 prius
1371 814 1502 869 manibus
1518 814 1644 884 praeieeta
1661 817 1824 889 relinquens

1077 900 1229 974 ingreditur
1243 902 1338 958 latomi
1353 904 1487 968 studium,
1504 905 1599 960 domat
1609 916 1668 962 arte
1682 908 1803 979 rigorem

1076 990 1231 1056 llarmoris,
1253 1001 1281 1048 et
1304 994 1426 1063 primum
1451 1003 1544 1065 partes
1569 998 1727 1067 complanat
1754 1000 1789 1056 ad
1816 1016 1873 1058 un-

1725 1088 1829 1163 [guerr.

1078 1174 1231 1246 Scrupulus
1249 1176 1276 1232 in
1294 1176 1407 1248 planum
1422 1177 1575 1245 deseendit,
1590 1179 1681 1250 surgit
1696 1178 1723 1234 in
1738 1196 1851 1251 equum

1081 1266 1173 1335 Vallis,
1186 1279 1213 1324 et
1228 1269 1256 1323 in
1268 1284 1383 1325 currum
1397 1271 1551 1326 demittitur
1564 1272 1694 1343 angulus,
1707 1272 1784 1329 orbis

1076 1360 1222 1417 Planitiem
1241 1361 1356 1429 clandit,
1368 1362 1539 1435 planumque
1550 1364 1657 1420 reducit
1669 1365 1696 1420 in
1710 1365 1818 1423 orbem.

1077 1455 1130 1512 Sed
1144 1462 1236 1510 tumor
1250 1455 1277 1509 in
1293 1455 1384 1510 medio
1399 1469 1515 1526 surgens
1528 1454 1725 1525 supereminet,
1738 1455 1795 1511 imo

1078 1548 1125 1604 Sic
1136 1549 1162 1602 in
1175 1563 1335 1620 supremum
1352 1547 1467 1603 tendens
1477 1561 1532 1602 non
1544 1547 1645 1602 deserit
1661 1547 1759 1602 imum.

1075 1640 1203 1697 Partibus
1214 1641 1241 1694 in
1253 1655 1368 1696 eurtum
1384 1639 1458 1696 lerro
1476 1640 1612 1696 mediante
1623 1640 1742 1697 redactis

1077 1729 1212 1786 Exhausit
1222 1740 1315 1801 partes
1329 1732 1418 1803 virgo,
1434 1747 1611 1804 marmorque
1622 1732 1750 1790 fenestris

1079 1822 1265 1894 Distinguens‚
1279 1832 1367 1878 totum
1381 1825 1477 1895 spatiis
1487 1825 1636 1882 intersecat
1645 1827 1750 1895 orbem,

1077 1913 1198 1972 collocat
1212 1916 1240 1970 in
1258 1915 1351 1971 medio
1362 1926 1500 1983 centrum,
1516 1918 1692 1990 mediumque
1706 1928 1823 1976 coronat

1079 2006 1103 2040 ⁸⁰
1115 2005 1261 2078 blultipliei
1272 2007 1361 2074 radio,
1374 2024 1455 2080 quem
1467 2010 1540 2065 latus
1551 2010 1668 2066 circinat
1682 2010 1767 2068 orbis.

1079 2098 1129 2156 ilie
1142 2101 1249 2171 pictura
1260 2100 1342 2157 docet
1354 2109 1491 2169 auctores,
1505 2101 1552 2174 qui
1567 2102 1731 2158 numerandi

1077 2191 1207 2247 innuere
1217 2191 1287 2259 rias,
1299 2201 1387 2248 artem
1398 2192 1517 2249 decuere
1528 2192 1677 2263 jacentem.

1078 2278 1137 2337 lllie
1150 2278 1335 2339 Nicomachus
1347 2283 1475 2354 predicta
1494 2283 1564 2339 ludit
1575 2283 1602 2338 in
1619 2293 1689 2352 arte,

1078 2369 1113 2428 lit
1126 2370 1206 2442 quasi
1219 2388 1269 2443 per
1284 2388 1416 2429 numeros
1430 2388 1522 2429 rerum
1536 2383 1642 2430 secreta
1655 2376 1812 2446 prophetat.

1078 2461 1238 2521 lliiecastra
1251 2473 1334 2530 tenet,
1349 2474 1377 2520 et
1388 2465 1483 2521 eadem
1498 2465 1577 2521 miles
1591 2467 1619 2520 in
1631 2474 1690 2521 arte

1079 2554 1217 2611 Giibertus
1232 2555 1302 2610 saltu
1315 2553 1407 2610 lallaci
1420 2555 1651 2627 transilitgartero.

1079 2645 1249 2720 Pythagoras
1263 2647 1384 2717 proprie
1395 2647 1481 2702 menti
1493 2648 1619 2704 convitia
1632 2648 1750 2716 donans,

1078 2731 1139 2790 Non
1155 2734 1231 2790 carni
1241 2753 1249 2802 ;
1260 2734 1366 2792 satians
1380 2736 1500 2805 artimos,
1515 2753 1570 2792 non
1581 2753 1697 2808 corpora
1712 2754 1841 2809 pascens,

236 2833 306 2904 Quis
316 2852 450 2893 numerus
462 2838 584 2911 propriis
600 2838 757 2909 completur
772 2838 903 2896 ductibus
923 2841 957 2910 ¹⁸,
979 2850 1029 2898 aut
1079 2826 1170 2883 ciffis
1184 2826 1299 2883 amihil
1309 2842 1488 2884 ”mimium
1502 2829 1610 2901 stillim
1624 2839 1714 2898 ⁰1²⁰&

917 2932 992 3008 [quis

1079 2919 1158 2985 Esse,
1174 2921 1258 2988 vices,
1273 2937 1382 2989 causas,
1399 2932 1503 2988 motus,
1519 2932 1548 2979 et
1561 2925 1669 2981 uincula
1684 2941 1789 2984 rerum.

237 3018 288 3078 Vel
301 3031 394 3094 partes
408 3031 530 3094 superat,
544 3021 586 3079 rel
599 3023 634 3079 ab
646 3022 689 3080 his
701 3033 847 3096 superatus
859 3025 990 3083 abundat.
1041 3028 1063 3086 G
1080 3010 1204 3084 ¹¹¹dli¹li⁰²
1218 3013 1341 3069 'lumem
1358 3023 1433 3070 ‘³⁰²⁰
1446 3014 1618 3088 (filiiflii)us
1632 3033 1736 3085 amm,

237 3112 304 3181 Quae
318 3130 463 3172 numerum
478 3130 595 3171 numero
613 3117 761 3172 concordia
776 3118 872 3186 nectit,
886 3130 914 3175 et
925 3120 998 3177 unde

236 3201 377 3271 Prosenit‚
391 3213 423 3262 ut
437 3205 545 3263 vicibus
559 3205 658 3262 mediis
672 3215 795 3262 extrema
807 3207 936 3279 ligentur.

236 3296 294 3352 Gur
308 3314 363 3370 quo
378 3301 505 3372 quadrati
517 3301 609 3357 medio
620 3309 766 3358 nectantur
781 3302 808 3357 in
825 3318 891 3371 uno,

237 3385 286 3444 Vel
300 3391 404 3448 solidos
417 3401 509 3449 nectat
522 3393 620 3450 mediis
636 3393 766 3465 junctura
781 3394 901 3451 duobus.

236 3479 296 3540 lloc
306 3485 389 3557 igitur
399 3486 474 3542 cultu
489 3488 568 3556 virgo
581 3486 723 3556 praeculta,
735 3487 840 3545 laboris

237 3572 360 3631 Pontem
377 3590 433 3630 non
447 3576 566 3644 lugiens,
582 3592 617 3632 ne
631 3577 753 3647 pondere
773 3579 882 3649 pondus
898 3581 1012 3643 lionoris

238 3663 369 3736 mugiat,
384 3665 450 3720 dutn
466 3665 534 3720 uitat
546 3680 617 3723 onus
628 3681 663 3722 ne
677 3668 743 3724 vitet
757 3668 900 3727 bonorem.

238 3748 333 3807 llobur
347 3751 498 3820 uirgineum
514 3755 627 3811 cumulo
641 3755 751 3816 virtutis
760 3767 788 3815 et
800 3768 860 3817 arte

237 3840 454 3913 Transgrediena
468 3855 589 3916 superat,
601 3846 644 3902 nir
657 3862 750 3918 sensu,
763 3849 866 3909 demina
881 3870 959 3913 sextu.

238 3935 285 3991 Sic
297 3936 349 4003 vir,
363 3934 404 3992 sie
417 3936 526 4004 mulier,
540 3938 636 3997 animo
648 3954 703 3997 non
719 3941 777 4013 illa,
788 3946 837 4003 sed
852 3946 897 4003 ille
911 3959 964 4006 est.

236 4024 318 4098 252
333 4024 390 4083 Nec
413 4039 491 4085 motu
517 4030 609 4088 subito
633 4032 707 4104 quod
738 4038 868 4110 concipit,
897 4045 1027 4115 exprimit

902 4133 989 4207 [aetu,

235 4204 292 4264 Nee
302 4209 375 4280 quod
392 4224 470 4267 mens
484 4211 581 4285 gignit,
597 4216 705 4274 subitos
719 4218 742 4251 ''
758 4218 871 4278 deducit
883 4224 911 4281 in
925 4239 1004 4287 aetus
1018 4251 1025 4287 :

235 4295 328 4355 Nesis
340 4312 503 4373 conceptum
517 4307 607 4376 pariat
620 4322 700 4366 meus
715 4310 786 4381 ipsa,
801 4313 965 4388 priusquam

236 4386 364 4446 Formam
378 4392 511 4463 suscipiat
521 4406 672 4468 conceptus
686 4404 786 4459 mentis
798 4402 826 4458 in
836 4405 919 4475 alto,

237 4479 286 4537 Vel
300 4482 409 4539 llrmum
421 4486 511 4554 cupiat
524 4488 625 4546 mentis
639 4492 752 4549 matrice
764 4495 904 4568 sigillum3

236 4571 432 4647 Nutritumqne
445 4578 491 4633 diu
509 4580 624 4637 rationis
636 4581 731 4640 lontite
746 4589 836 4653 tirat;

238 4666 323 4725 Fetus
333 4670 474 4731 abortivus
489 4675 612 4733 subitum
631 4677 760 4737 decurret
773 4684 800 4738 in
817 4694 921 4755 ortum,

236 4757 294 4817 ttee
306 4761 362 4818 nita
377 4763 475 4836 dignus
492 4770 606 4840 proprio
623 4771 756 4829 morietur
768 4776 796 4831 in
812 4787 885 4848 orto,

239 4849 287 4909 Vel
301 4856 398 4912 rirens
412 4858 507 4914 saltem
523 4859 626 4931 lugebit
638 4864 755 4922 erimina
774 4867 881 4928 lormae.

238 4944 311 5019 Ergo
325 4946 447 5020 legitimo
462 4966 496 5007 ne
510 4961 607 5023 partus
625 4957 727 5014 mentis
738 4960 773 5016 ab
786 4973 848 5019 ortu

239 5036 344 5105 Deviet,
357 5049 386 5097 et
403 5042 506 5098 nullam
523 5044 597 5101 dicat
617 5047 651 5103 de
666 5060 753 5109 matre
767 5059 918 5128 querelam,

239 5127 317 5188 llens
329 5133 428 5206 gignit,
442 5137 529 5193 nutrit
539 5138 621 5206 ratio,
636 5142 710 5212 quod
722 5149 839 5216 parturit
853 5161 941 5217 aetus,

239 5219 370 5292 fabricat
383 5228 412 5285 in
427 5227 550 5287 thalamo
566 5233 667 5291 meritis
683 5241 810 5309 mentale,
827 5245 990 5316 priusquam

1079 3105 1147 3174 liius
1162 3114 1192 3160 ut
1203 3106 1231 3160 in
1243 3106 1327 3162 verbo
1339 3122 1474 3164 numerus
1489 3106 1627 3180 laetisque
1639 3111 1752 3167 resultet

1080 3196 1204 3268 Semper,
1216 3197 1283 3253 etin
1298 3199 1405 3255 somnis
1420 3199 1498 3256 illum
1512 3216 1660 3259 numerare
1672 3214 1798 3273 putares.

1388 3333 1504 3391 CAPUT
1524 3334 1558 3394 t.

1079 3425 1237 3482 lusissent
1273 3427 1349 3482 uinta
1371 3443 1457 3482 soror.
1480 3425 1591 3485 Hierico
1612 3430 1729 3486 dabitur.
1756 3428 1871 3487 Norica

1115 3443 1364 3553 auctoresdluaisoe
1377 3499 1504 3569 efficacia.
1516 3497 1770 3555 diusicoaecontiom
1781 3514 1870 3557 rotant

1114 3568 1181 3638 tecit
1201 3569 1229 3623 in
1250 3584 1332 3623 curru
1352 3568 1519 3625 Prudetttioe.
1541 3569 1676 3629 dictatus
1694 3574 1788 3628 doctor
1808 3589 1871 3629 me·

1113 3655 1191 3696 blm·

1077 3751 1179 3818 Quinta
1198 3767 1279 3808 soror
1293 3762 1402 3824 quarte
1414 3753 1525 3823 similis,
1537 3755 1607 3828 gerit
1620 3769 1667 3812 ore
1684 3757 1814 3828 priorem.

1079 3842 1171 3914 Pingit
1183 3858 1243 3898 enm
1258 3844 1346 3911 cultu,
1359 3843 1488 3915 laetoque
1500 3847 1618 3902 recurrit
1632 3849 1659 3902 in
1671 3848 1759 3905 illam.

1076 3933 1158 4009 353
1171 3932 1227 3992 Nec
1242 3943 1349 3992 necata
1366 3937 1449 3993 simili
1463 3938 1566 4007 studio,
1590 3940 1772 4012 sequiturque
1789 3954 1870 3997 soro-

1751 4033 1832 4107 [rem.

1076 4115 1107 4174 ln
1126 4119 1226 4175 studiis
1243 4119 1380 4190 exemplat
1394 4134 1467 4188 eant,
1481 4120 1641 4193 laetumque
1654 4126 1759 4181 sororis

1077 4210 1240 4284 Respiciens
1253 4212 1314 4282 ojus
1331 4211 1404 4269 lacto
1418 4229 1468 4269 sna
1485 4213 1558 4271 lacta
1572 4216 1689 4288 sigillat3

1076 4304 1111 4361 Et
1124 4321 1208 4377 quarn
1219 4306 1383 4377 jamdudum
1402 4306 1466 4363 lecit
1484 4318 1583 4367 natura
1597 4327 1732 4379 sororem,

1041 4377 1121 4456 Dpp
1145 4416 1224 4457 soror
1240 4401 1266 4456 in
1283 4399 1366 4468 laeto,
1383 4404 1529 4460 cumulans
1545 4406 1592 4475 jus
1611 4418 1693 4459 omne
1714 4405 1818 4462 suroris
1834 4406 1870 4463 ⁸¹.

1078 4492 1203 4565 Namque
1214 4495 1295 4551 docet
1308 4496 1389 4563 ratio,
1401 4496 1449 4567 jus
1462 4498 1594 4568 postulat,
1609 4497 1694 4569 erigit
1708 4498 1789 4567 ordo,

1081 4585 1115 4644 Ut
1130 4588 1248 4644 lateatur
1261 4605 1330 4659 opus
1344 4589 1370 4645 id
1385 4591 1460 4660 quod
1476 4600 1574 4645 natura
1587 4588 1698 4645 latetur.

1078 4678 1133 4736 Pro
1146 4682 1258 4752 speculo
1270 4683 1377 4738 vultum
1392 4681 1463 4753 gerit
1476 4682 1545 4749 baec,
1559 4682 1691 4752 praeclara
1708 4685 1805 4739 tuenti.

1078 4771 1147 4829 Nam
1163 4774 1323 4846 quicunque
1336 4775 1410 4830 videt
1427 4774 1543 4844 tultum,
1560 4790 1590 4831 se
1605 4776 1681 4830 visus
1698 4775 1726 4830 in
1743 4776 1790 4831 illo

1079 4867 1183 4934 Cernit,
1195 4877 1221 4924 et
1234 4869 1260 4923 in
1277 4869 1389 4938 speculo
1401 4868 1494 4924 rultus
1508 4867 1669 4939 ”epulatur
1683 4868 1797 4924 ocellus.

1079 4959 1149 5015 bum
1177 4959 1311 5016 citharam
1342 4976 1442 5017 manus
1468 4975 1521 5015 nna
1553 4960 1635 5031 gerit,
1657 4973 1757 5015 manus
1785 4959 1871 5015 altera

1704 5051 1836 5126 [citordns

1079 5147 1224 5216 Sollicitat,
1240 5148 1406 5219 dulcemque
1421 5149 1482 5204 soni
1498 5149 1570 5219 parit
1586 5148 1632 5204 illa
1645 5162 1786 5219 saporem,

1078 5242 1147 5299 buri
1160 5244 1230 5300 dans
1243 5244 1349 5312 enudas,
1363 5243 1505 5314 oculisque
1519 5243 1654 5314 prooemia
1668 5240 1771 5299 somni.

877 5422 992 5484 vnlttAE
1012 5428 1207 5492 LECTlthES

275 5521 300 5554 ”
320 5520 591 5593 dda.d.,nascenti.
628 5533 652 5566 ¹⁸
672 5530 726 5588 dds.
755 5533 798 5600 t„
824 5541 959 5610 partibus.
998 5550 1022 5581 ¹·
1040 5548 1093 5606 dds.
1108 5551 1155 5618 A..
1169 5553 1271 5611 subito.
1309 5554 1334 5589 ⁸·
1350 5555 1403 5613 lle.
1422 5556 1467 5624 d..
1483 5559 1526 5614 dic
1542 5557 1679 5615 interserit
1692 5558 1870 5614 novemdecim

244 5603 333 5644 ursus
353 5595 398 5661 qui
411 5596 541 5654 dolentur
553 5600 626 5669 infra
647 5606 800 5673 capiterio

241 5658 296 5733 3⁴..
308 5659 426 5719 decoris.
444 5665 466 5698 ⁸¹
486 5665 597 5726 Vultum
612 5675 777 5743 speculatur.

814 5616 884 5679 lton
904 5618 1100 5679 conuenientius
1124 5633 1213 5680 tomen
1226 5625 1324 5682 ibidem
1338 5628 1524 5701 rettnqntsuu,
1549 5646 1610 5687 cem
1622 5645 1673 5685 ms.
1685 5626 1720 5685 tt.
1774 5628 1796 5662 ⁸¹
1812 5629 1868 5686 Ha.
