3992 6042
167 198 217 256 uti
732 200 1046 262 abttumuutltttls
1064 236 1099 249 -·
1116 207 1181 265 ctu.
1202 207 1240 268 111
1742 212 1799 271 hid

169 314 231 382 Quo
246 322 332 373 cautu
344 314 451 387 lepida
466 315 639 386 mollescere,
653 331 764 375 currere
778 319 873 387 silvas,
968 324 994 383 Α
1008 319 1170 389 Consentes,
1185 324 1229 380 rel
1242 336 1314 396 quos
1324 323 1429 396 proprii
1442 323 1572 397 dignatur
1583 325 1689 385 bonurn

168 407 296 465 Flumina
313 417 397 475 stare,
414 407 486 466 ieras
498 408 653 477 mitescere,
668 410 765 466 cudere
779 411 853 478 lites,
1009 407 1137 466 Nominis
1151 411 1291 482 amplecti,
1304 413 1449 484 scripturae
1463 414 1536 472 larua
1548 428 1691 488 perennat.

168 500 255 557 lussit
270 494 415 556 'threicius
429 509 516 567 uates,
528 499 672 570 tractoque
686 501 777 572 rigore
1009 500 1109 557 llelitae
1123 502 1198 558 vocis
1212 502 1333 560 llilesius
1342 507 1431 561 exerit
1444 522 1538 574 usum,

169 592 308 665 Compulit
323 591 488 648 Eumenides
503 592 641 664 lacrymis,
659 592 803 664 Ditemque
819 594 909 667 coegit
1009 591 1044 646 tir
1055 592 1139 648 veluti
1153 594 1279 664 quadarn
1292 604 1391 652 cantus
1403 598 1523 654 encaenia
1538 598 1623 655 dunat

169 684 238 742 Esse
250 685 337 756 pium,
357 682 511 755 Furiaeque
527 699 608 740 suum
620 684 727 740 nescire
743 685 874 741 luroreor.
1009 682 1141 750 nuribus,
1155 692 1183 740 et
1197 686 1244 740 tali
1262 696 1367 743 mentes
1379 688 1519 745 effeminat
1533 699 1602 747 arte.

169 778 231 847 Quo
246 786 329 834 cantu
340 770 438 849 Tyrius
454 776 601 833 montesio
618 777 721 833 moenia
735 777 816 832 vertit
1008 774 1085 831 Alter
1099 775 1135 832 ab
1149 778 1278 849 oppositu
1294 787 1392 833 cautus
1410 779 1519 836 fastidia
1530 782 1607 847 lenti,

120 896 136 929 .·
167 868 307 940 Amphion
324 867 365 925 sic
379 881 448 923 sara
467 864 598 933 domans;
613 867 692 937 1quud
707 867 782 922 nulla
800 866 905 923 securis
1009 864 1121 922 Obtusa
1136 868 1212 922 cuuis
1227 868 1327 935 rixam,
1341 877 1496 939 cantusque
1510 871 1636 937 rebelles,

168 960 301 1017 bdumuit
315 958 419 1030 rigidas
430 965 538 1035 cautes,
552 972 622 1028 quas
635 958 694 1015 sola
707 957 819 1014 domare
1009 955 1061 1024 Qui
1078 957 1166 1029 magis
1179 958 1341 1031 impugnant
1352 975 1434 1015 aures
1450 960 1475 994 ⁸⁸
1486 975 1569 1032 quarn
1585 977 1651 1018 uoce
1664 960 1799 1034 salutent,

169 1048 229 1107 Vox
244 1049 358 1105 citharae
370 1047 482 1116 meruit,
497 1048 639 1118 tenuitque
652 1048 761 1104 silentia
777 1045 891 1102 terrum.
1009 1046 1125 1113 lucebit,
1138 1057 1165 1103 et
1180 1056 1291 1104 nostras
1303 1048 1416 1105 odendit
1431 1050 1558 1106 cantibus
1573 1067 1664 1107 aures.

168 1142 271 1214 lnsigni
288 1141 387 1198 uestita
398 1149 462 1213 toga
476 1156 507 1198 se
523 1140 601 1212 pacis
616 1139 756 1195 alumnam
1009 1135 1125 1209 Navigat
1135 1138 1162 1192 in
1182 1138 1284 1204 medio,
1297 1148 1459 1211 partemque
1472 1140 1603 1213 relinquit
1618 1152 1763 1214 utramque

170 1233 239 1290 Esse
253 1234 344 1304 puella
358 1232 448 1298 ducet,
461 1247 513 1288 uec
524 1245 648 1302 quarere
660 1228 768 1302 lulgurn
784 1226 858 1282 belli.
1012 1227 1162 1299 Gregorius
1176 1238 1280 1295 noster,
1294 1229 1448 1301 refugitque
1460 1232 1581 1302 pericula
1598 1248 1709 1298 sucuro,

168 1324 228 1381 lllic
241 1324 356 1395 picturus
367 1323 461 1378 ridens
477 1322 589 1378 lascivia
604 1319 684 1387 ludit,
1010 1316 1116 1373 Cautus
1132 1317 1266 1389 syrenum
1281 1318 1390 1389 lugiens
1400 1321 1546 1392 uitansque
1560 1323 1726 1395 Charybdim

170 1415 317 1471 Schemate
332 1413 384 1470 sub
393 1412 471 1469 uario
484 1421 642 1468 monstrans
659 1409 726 1483 quid
740 1410 845 1465 musica
860 1407 957 1478 possit,
1010 1408 1115 1465 llusica
1127 1410 1233 1465 laetatur
1246 1409 1363 1466 lticbalu
1377 1411 1501 1478 ductore,
1516 1428 1638 1484 suosque

170 1505 238 1574 Quae
247 1506 304 1563 sint
316 1504 416 1571 tiocia,
429 1504 529 1575 quibus
544 1503 717 1574 compaginet
728 1500 820 1557 omnia
831 1500 921 1568 nudis,
1010 1500 1129 1571 Corrigit
1140 1514 1258 1565 errores,
1276 1500 1323 1555 tali
1336 1501 1458 1558 dictante
1473 1503 1617 1574 magistro.

171 1597 239 1666 Quae
253 1596 359 1669 species
373 1597 452 1665 artis,
467 1612 528 1667 quae
541 1594 646 1651 musica
662 1593 766 1665 colligit
777 1593 870 1659 horas,

170 1689 319 1761 distinguit
332 1704 454 1756 menses,
465 1685 612 1745 iucatauni
627 1694 763 1755 tempora,
779 1682 853 1754 cogit
972 1655 995 1713 B
1310 1659 1427 1717 CAPUT
1449 1661 1495 1719 lv·

171 1780 321 1849 Excursus,
335 1780 468 1838 elementa
480 1779 556 1851 ligat,
568 1775 714 1849 jungitque
726 1777 859 1847 planetas,
1011 1771 1160 1829 Geometriu
1173 1782 1248 1829 reatu
1262 1789 1339 1830 soror
1349 1785 1399 1830 ert.
1422 1775 1578 1833 Geometrioe
1591 1776 1708 1833 inbitur.
1731 1776 1797 1849 Ejus

171 1872 253 1928 Astra
265 1880 367 1938 mouet,
383 1870 524 1943 variatque
537 1869 622 1936 vices,
638 1883 700 1938 quae
714 1865 821 1921 musica
838 1863 923 1919 nectit
1364 1862 1440 1917 vott-

169 1960 302 2031 Corporis
317 1961 432 2016 brrmaui
448 1968 550 2030 partes,
569 1955 758 2025 mundumque
770 1953 905 2007 miuorcm
1009 1951 1097 2010 iustat
1108 1953 1130 1986 ¹⁸
1142 1962 1219 2010 sexta
1235 1971 1314 2012 soror
1326 1957 1413 2028 operi,
1428 1974 1457 2014 se
1471 1958 1596 2017 funditus
1607 1972 1685 2035 urget

171 2052 299 2123 ordinat,
315 2062 343 2110 et
357 2053 448 2123 specle
462 2050 558 2106 muudi
576 2046 700 2104 melioris
716 2046 837 2101 honorat
853 2061 860 2097 ε
1008 2044 1049 2101 Ad
1065 2045 1197 2111 studium,
1216 2047 1307 2103 studio
1318 2049 1432 2119 reliquis
1451 2053 1602 2109 studiosius
1620 2055 1742 2113 herens.

170 2144 207 2200 Ut
219 2144 260 2200 siu
275 2158 417 2217 pygmaeus
431 2140 598 2198 fraterculus
611 2154 672 2195 esse
687 2137 817 2211 gigantis,
1008 2135 1139 2193 Certatim
1158 2148 1262 2210 gestus,
1277 2140 1388 2198 habitus
1400 2142 1493 2206 decor,
1513 2145 1597 2215 huius
1611 2146 1744 2205 honorem

169 2234 339 2305 liujurisque
352 2234 443 2289 minor
459 2238 597 2288 mereatur
613 2229 735 2302 imagine
744 2228 831 2301 pingi.
1007 2229 1202 2294 Accumulant,
1216 2232 1319 2301 pariter
1331 2233 1391 2304 ejus
1406 2249 1456 2304 pru
1470 2235 1551 2293 laude
1566 2237 1722 2309 loquentes.

169 2326 238 2394 Quae
250 2332 343 2396 partes
353 2324 451 2380 animae
462 2324 559 2392 sociat,
576 2339 638 2396 qua
650 2323 765 2381 toedernt
780 2323 854 2379 illam
1008 2315 1177 2376 Eucleticum
1200 2321 1271 2393 gerit
1287 2322 1332 2378 illa
1348 2331 1440 2395 caput,
1458 2342 1508 2383 nec
1521 2331 1646 2400 corporis
1661 2331 1744 2389 ullam

171 2414 360 2486 Euphrosyne,
374 2414 519 2485 firmatque
530 2413 610 2470 tidem
623 2414 668 2481 ⁸¹⁶,
683 2428 745 2485 quae
759 2413 867 2470 musica
877 2428 958 2470 uoces
1007 2407 1146 2467 iacturam
1165 2414 1278 2483 patitur,
1291 2416 1339 2471 sed
1355 2417 1448 2473 lumen
1463 2418 1535 2491 legat
1549 2419 1577 2475 in
1596 2422 1683 2479 imum
1696 2423 1731 2490 ⁸¹,

172 2507 283 2572 Dividit,
298 2516 326 2561 et
337 2521 469 2562 numerus
482 2505 569 2561 uariat
580 2505 740 2562 discrimina
761 2520 869 2561 uocum.
1010 2498 1046 2556 Ut
1060 2502 1162 2572 quibus
1177 2502 1293 2560 insideat
1309 2521 1398 2575 mens,
1413 2508 1531 2565 enclesis
1543 2510 1602 2581 ipsa
1620 2513 1749 2585 loquatur
1762 2516 1798 2573 ⁸⁸.

172 2598 239 2667 Quae
252 2597 336 2666 ratio,
350 2610 496 2653 aurumne
511 2597 610 2664 melos,
626 2595 776 2667 dulcesque
790 2610 922 2651 sonorum
1010 2590 1131 2662 Exponit
1148 2601 1267 2649 mentem
1282 2592 1377 2662 iacies,
1390 2598 1570 2670 animumque
1581 2601 1698 2672 latetur3

170 2687 285 2752 Qubus,
301 2702 356 2743 non
368 2686 456 2758 gignit
468 2701 521 2742 uox
536 2702 601 2756 uua,
615 2686 663 2743 sed
678 2686 745 2742 unio
758 2702 869 2746 recum.
1010 2681 1121 2756 virgam
1134 2684 1212 2757 virge
1224 2686 1304 2757 gerit,
1316 2704 1369 2758 qua
1383 2697 1469 2745 totum
1484 2690 1583 2748 circuit
1593 2693 1699 2762 orbenr,

172 2778 332 2848 Dissimilis,
347 2778 501 2849 similisque
512 2792 607 2844 sonus,
623 2776 750 2835 diversos
764 2786 792 2836 et
806 2779 888 2847 idern,
1010 2773 1071 2842 Qua
1086 2786 1166 2832 terrae
1178 2779 1298 2847 spatium
1317 2781 1439 2848 metitur,
1452 2798 1506 2853 qua
1519 2799 1595 2839 mare
1606 2785 1711 2843 claudit

173 2869 277 2927 Unicus
287 2877 315 2926 et
337 2869 463 2940 simplex,
477 2867 588 2939 duplex,
604 2869 739 2926 difformis
751 2881 779 2926 et
791 2871 872 2926 aiter.
1012 2865 1159 2926 Liroitibus
1174 2870 1267 2940 crectis,
1280 2887 1333 2942 qua
1350 2873 1466 2929 circinat
1475 2874 1561 2932 ardua
1575 2877 1649 2933 coeli.

171 2962 319 3031 Quomodo
332 2970 438 3017 motato
452 2975 483 3017 se
496 2970 586 3017 mutat
601 2961 706 3019 musica
720 2971 814 3030 motu,
832 2974 838 3031 p
1011 2956 1046 3014 Et
1056 2960 1187 3029 quamvis
1202 2960 1263 3031 ejus
1279 2963 1364 3019 restis
1382 2979 1507 3035 respersa
1518 2966 1617 3023 minuti

171 3051 242 3108 Cum
257 3050 387 3123 lacrymis
402 3051 487 3116 risus,
504 3066 568 3106 cuna
582 3049 654 3105 ludis
666 3050 738 3106 seria
754 3059 860 3107 texens.
1012 3049 1138 3108 Pulueris
1153 3052 1239 3108 imbre
1251 3052 1331 3121 lurct,
1345 3070 1400 3110 non
1413 3056 1574 3128 denigratur
1587 3059 1718 3117 honestas

170 3142 251 3200 Nunc
263 3141 454 3199 inharmonice
465 3148 589 3209 resonat,
602 3155 676 3197 nunc
689 3140 779 3196 tristia
792 3140 899 3214 tingens
1011 3140 1142 3209 Haterio,
1154 3141 1304 3214 toruumque
1320 3145 1414 3213 decor,
1427 3146 1475 3203 sed
1485 3160 1637 3218 grammate
1650 3154 1737 3208 multu

170 3236 298 3293 liitoulcu
311 3244 394 3292 cantu
411 3236 495 3308 luget,
511 3248 586 3292 nunc
596 3234 741 3290 chromate
757 3234 837 3290 ludit.
1011 3231 1151 3290 Picturata
1164 3234 1243 3301 nitet,
1260 3235 1400 3306 multoque
1412 3238 1536 3307 superbit
1547 3239 1662 3297 honore.

170 3327 238 3397 Quae
251 3344 302 3384 vor
320 3328 354 3383 ad
369 3342 464 3383 vocem
479 3326 515 3383 sit
527 3325 622 3397 dupla,
643 3325 685 3380 rel
701 3325 728 3379 in
742 3324 877 3394 diapason
1011 3321 1062 3380 liic
1074 3331 1160 3379 artem
1174 3331 1258 3378 totana
1271 3325 1384 3394 picturae
1398 3326 1491 3396 lingua
1505 3339 1639 3398 recenset,

170 3418 241 3487 Quis
257 3426 367 3475 resonet
381 3427 492 3484 cantus,
509 3416 552 3472 rel
568 3416 631 3486 quis
645 3416 800 3486 sesqualter
812 3412 847 3469 ad
865 3413 942 3468 illum
1011 3414 1079 3483 Quae
1090 3415 1269 3471 mensurandi
1285 3417 1439 3474 doctrinam
1454 3418 1558 3489 tundit,
1573 3429 1601 3477 et
1614 3438 1698 3479 usum

172 3510 215 3566 Sit
231 3525 330 3576 sunus,
348 3519 395 3563 aut
410 3509 450 3562 illi
465 3521 581 3563 concors
594 3515 673 3562 sonet
686 3506 713 3562 iu
724 3506 851 3577 diapente
863 3522 871 3573 ;
1011 3506 1125 3572 Educet,
1138 3507 1304 3565 immensum
1319 3509 1433 3576 claudit,
1446 3513 1569 3582 spatiosa
1582 3513 1713 3586 refrenat,

171 3602 255 3678 354
265 3601 439 3669 Quaeroeum
450 3599 578 3670 junctura
592 3598 852 3668 paritdiatcsserun,
868 3598 894 3653 in
905 3612 961 3669 qua
1010 3597 1092 3670 355
1109 3588 1255 3669 Parcaque
1269 3601 1586 3673 consequitur,·metitur
1607 3620 1718 3677 magna,
1737 3620 1788 3676 pru

171 3698 241 3752 Cum
256 3695 346 3761 tribus
356 3708 412 3749 una
427 3707 530 3749 sunaus
545 3706 599 3746 tux
613 3690 712 3762 litigat,
728 3694 784 3747 imu
794 3691 914 3761 iocatur.
1637 3696 1766 3770 [trandum

173 3789 219 3821 ⁸¹“
238 3786 298 3854 Qua
315 3784 422 3842 ratione
437 3783 494 3839 tuni
506 3798 571 3853 pars
584 3783 671 3838 altera
686 3797 794 3852 semper
808 3783 942 3850 abundet,
1013 3782 1170 3848 Scrutatur,
1185 3784 1270 3840 ualles
1284 3785 1400 3855 habitat,
1412 3789 1573 3845 conscendit
1587 3789 1614 3846 in
1630 3789 1726 3845 altum.

174 3879 391 3951 'irarrsgredieus
423 3883 528 3948 partem
556 3873 703 3946 reliquam,
731 3889 787 3928 nun
811 3873 899 3943 possit
932 3875 960 3930 iu
1011 3872 1063 3930 liic
1074 3874 1173 3947 legitur
1188 3875 1254 3945 quid
1269 3876 1306 3930 sit
1318 3886 1439 3946 punctus
1450 3877 1484 3943 ¹',
1501 3894 1562 3949 quar
1573 3879 1644 3936 linea
1658 3896 1754 3949 curta,

819 3965 926 4041 [aequas
1011 3963 1096 4021 Recta
1111 3966 1151 4021 rel
1163 3967 1287 4035 aequalis,
1301 3967 1344 4022 rel
1359 3962 1535 4025 circumflexa
1546 3981 1672 4041 vocetur,

175 4063 307 4121 liistribui
323 4071 414 4134 partes
429 4071 513 4118 toons
525 4061 640 4132 integer,
655 4059 712 4116 imo
725 4073 873 4130 parumper
1011 4054 1114 4121 Quaere
1131 4056 1289 4126 serpenticies
1303 4056 1386 4126 plano
1408 4067 1548 4127 cuoteota,
1569 4060 1737 4130 protundum

174 4160 294 4216 Excedat
307 4174 371 4231 pm
391 4174 446 4214 ,ma
462 4157 532 4226 gont,
547 4165 712 4228 superetque
725 4154 873 4219 minorem,
1012 4143 1157 4217 lgnuraus,
1170 4146 1280 4217 altoque
1291 4162 1389 4204 carens
1407 4147 1528 4205 decurrit
1540 4149 1568 4206 in
1581 4166 1702 4222 aequom·

175 4252 208 4308 gg
221 4252 335 4325 propfpg
350 4252 443 4306 ,imp
459 4264 525 4321 pm
536 4249 621 4306 apem
637 4248 779 4303 chromate
796 4247 874 4315 lima,
1011 4237 1082 4306 Quid
1097 4238 1133 4295 sit
1150 4247 1319 4311 tertagonus,
1334 4240 1401 4311 quid
1413 4240 1501 4298 torma
1521 4243 1666 4318 triangula,
1682 4247 1748 4316 quid
1764 4248 1802 4304 sit

173 4343 231 4401 Neu
248 4354 337 4400 taruen
352 4344 451 4414 aequali
464 4351 554 4400 sectas
567 4343 712 4399 libramine
723 4350 824 4412 partes,
976 4329 1141 4403 pllerrsura
1158 4330 1259 4400 triplici
1273 4331 1410 4401 clausum,
1426 4334 1492 4403 quid
1509 4338 1624 4405 sterion,
1641 4346 1689 4394 aut
1708 4339 1775 4411 quid

174 4435 205 4491 11,
216 4434 271 4490 duo
283 4434 403 4490 divisum
417 4432 562 4489 diasimata
576 4433 688 4488 chroma
702 4439 820 4488 recuset,
1013 4420 1208 4478 circumducta
1221 4436 1273 4478 suu
1286 4422 1425 4480 describat
1437 4425 1510 4482 linea
1523 4437 1629 4484 cerrtro·

177 4524 235 4581 ilue
248 4524 332 4594 igitur
347 4524 493 4595 splendens
512 4522 619 4589 habitu,
633 4521 763 4592 cultuque
773 4519 881 4577 decoris
1013 4514 1070 4570 Gur
1087 4523 1211 4570 centrum
1228 4513 1305 4571 sedet
1320 4515 1348 4571 in
1364 4517 1465 4585 medio,
1483 4534 1533 4574 cur
1546 4521 1664 4591 angulus
1678 4523 1768 4580 unrnis

176 4616 265 4689 Virgo!
278 4618 377 4683 nitens,
394 4631 474 4672 usum
489 4615 600 4671 eltharae
612 4612 723 4684 deponit
736 4613 769 4668 ad
788 4613 902 4678 huram3
1014 4608 1069 4664 Aut
1083 4608 1199 4664 obtusos
1213 4608 1304 4674 hebet,
1321 4615 1369 4663 aut
1382 4623 1492 4663 sursunt
1507 4611 1594 4666 tendit
1607 4620 1716 4680 acutus,

178 4710 248 4765 lium
263 4710 338 4765 subit
348 4709 468 4765 uiliciunt
481 4705 562 4774 labri,
576 4706 751 4777 lapidemque
764 4705 865 4761 caloris
1015 4697 1177 4770 Obtusuque
1190 4698 1281 4755 minor
1299 4699 1335 4754 sit
1349 4709 1451 4768 rectus,
1463 4700 1552 4772 major
1564 4712 1656 4759 acuto.

176 4799 293 4872 lmperio
309 4799 444 4857 cuni'ertit
458 4798 485 4854 io
505 4813 543 4853 aes
557 4812 591 4852 ex
608 4780 824 4852 oreseeundam
1015 4791 1071 4847 Cur
1079 4791 1157 4861 juata
1168 4790 1242 4861 leges
1255 4791 1326 4847 artis
1338 4806 1519 4864 normamque
1534 4794 1662 4851 daturum

174 4891 305 4949 Fabricat
319 4894 365 4948 illa
382 4901 482 4960 rotam,
496 4905 559 4961 quae
571 4887 666 4945 turmae
678 4887 758 4943 laude
771 4888 892 4959 priorem
1017 4883 1106 4954 snpra
1119 4897 1227 4954 gamma
1240 4883 1334 4938 datum
1347 4885 1498 4954 procedens
1513 4887 1622 4942 tramite
1636 4894 1721 4952 recto,

176 4985 374 5042 demonstraus
389 4985 484 5055 primae
498 4998 528 5039 se
541 4980 673 5053 praedicat
688 4995 750 5038 esse
762 4995 898 5037 sororem.
1015 4973 1170 5045 AEquorum
1184 4975 1301 5029 laterum
1318 4975 1444 5046 trigonus
1457 4975 1635 5040 describitur,
1648 4977 1677 5031 1¹¹
1693 4991 1749 5046 (itte

177 5072 211 5131 Et
224 5074 352 5147 quamuis
366 5074 475 5129 diuersa
491 5070 562 5128 iuret
574 5086 637 5142 quus
649 5070 748 5126 dividit
764 5070 827 5126 illas
1017 5064 1083 5121 Sese
1097 5076 1274 5136 prosternens
1287 5078 1393 5138 parturn
1410 5069 1474 5125 data
1493 5068 1566 5124 linea
1582 5067 1677 5124 donat.

177 5165 317 5230 llateries,
335 5165 386 5220 bas
399 5162 487 5219 turma
502 5172 595 5219 tamen
612 5161 678 5218 lacit
692 5176 754 5219 esse
768 5161 909 5232 gemellas.
1016 5156 1139 5225 Qualiter
1152 5173 1168 5212 a
1182 5168 1286 5228 punctu
1305 5159 1422 5215 ducatur
1435 5160 1507 5214 linea
1522 5172 1636 5227 compar

177 5257 236 5315 lllic
249 5258 379 5326 artitiees,
392 5272 463 5327 quus
476 5255 581 5312 musica
597 5254 697 5325 gaudet
712 5252 813 5309 habere
1016 5247 1179 5320 Propositus,
1196 5251 1368 5322 reddensque
1382 5250 1496 5318 datam3
1511 5263 1561 5304 eur
1576 5248 1649 5304 linea
1662 5247 1750 5323 major

813 5364 930 5421 vhttlAE
948 5363 1151 5421 becttuues.

214 5467 248 5500 ⁸¹·
255 5465 308 5523 lis.
328 5465 373 5534 l'.,
385 5481 433 5536 pru
442 5468 631 5535 hupnruspne,
641 5470 705 5527 etc„
719 5462 795 5515 tolet
809 5460 897 5527 carni,
912 5459 1113 5528 contirnratque
1126 5457 1217 5524 tidem,
1229 5467 1281 5514 ete.
1319 5457 1342 5491 ⁸⁸
1367 5454 1507 5527 sequenter
1529 5471 1618 5511 uersu
1636 5454 1669 5512 19
1680 5455 1708 5512 irr
1720 5454 1738 5509 1
1750 5470 1801 5510 ms.

178 5535 473 5608 habeatursuprucup.
493 5534 661 5603 precedenti.
690 5530 721 5587 lo
737 5532 791 5586 ulio
806 5542 894 5585 tumeo
913 5546 963 5586 urs.
982 5529 1177 5592 buleutarhic,
1195 5537 1220 5583 et
1235 5528 1333 5599 uptiar.
1370 5526 1407 5559 '⁸'
1426 5525 1679 5593 llr.li·,anlmutn.
1715 5524 1801 5582 ⁸⁸1⁸.

178 5605 596 5677 A.,rertot,·rnr.ll.,instanu.
628 5603 662 5699 ⁵⁸⁸·
678 5601 730 5660 ltr.
748 5599 794 5671 1.,
813 5615 911 5659 unum
948 5598 1115 5656 ¹·boeatur.
1153 5599 1176 5634 ⁸¹
1190 5597 1244 5655 lle.
1261 5598 1304 5669 1.,
1317 5605 1449 5669 punctum
1462 5597 1590 5672 quidsit.
