3992 6042
125 237 181 297 ste
454 240 460 250 ·
657 193 975 288 mmccauussnus
995 254 1033 270 -
1049 222 1116 280 sss.
1138 221 1180 279 rr.
1695 214 1750 277 ces

101 358 166 427 vlte
181 354 347 428 seprodocit
361 353 456 411 radius
473 366 537 410 cam
552 348 611 408 sole
625 348 757 419 calorem
927 342 1052 418 sCuJus
1064 338 1417 416 justitiaepietasadluncta
1428 333 1555 410 mporem'

101 440 104 451 ¹
126 449 180 518 Qui
196 447 320 504 muleens
336 448 400 514 urit,
416 443 520 503 urendo
533 442 644 509 mulcet,
657 450 686 498 et
702 440 802 497 ardens
963 436 1119 508 Temperat,
1129 443 1157 491 et
1169 432 1286 489 multum
1296 431 1453 488 discurrere
1465 442 1520 483 non
1537 425 1604 483 sinit
1617 425 1714 482 ilem:

127 540 241 612 llitiqat,
258 538 405 595 incendens
418 537 563 603 demulcet,
578 543 711 606 temperat
724 548 817 591 ursus
962 529 1005 585 bd
1017 537 1043 585 te
1057 526 1234 597 confugimas
1247 524 1418 595 proscriptis,
1433 518 1593 594 quesierat
1606 517 1695 581 orbis,

124 626 180 685 lstc
191 626 267 682 calor
278 626 502 682 siccatritlorurn
520 623 645 692 flumina,
659 623 756 681 sordes
963 619 1140 692 Persequitur
1154 618 1284 686 mundus,
1300 615 1384 672 home
1405 612 1521 686 respuit,
1538 611 1750 683 imprecatoriae
1785 661 1790 671 .

127 716 240 788 Purgat,
254 725 281 772 et
294 717 388 772 aritio
402 716 510 772 rimulis
521 715 648 787 decoquit
664 730 774 772 aurum.
1659 702 1717 776 inis

127 807 181 865 iste
193 810 269 866 calor
285 809 393 880 perimit
404 809 508 880 peccati
522 807 635 882 frigora,
650 808 776 865 dammas
964 804 1066 862 Vivens
1086 822 1095 860 r
1111 804 1207 876 sicque
1223 801 1293 885 tuis,
1306 799 1331 857 si
1345 798 1387 855 ias
1403 806 1448 855 eet
1457 798 1559 866 dicere,
1578 796 1703 854 mundes
1747 796 1750 803 '

127 896 189 968 lrae,
203 899 335 971 temporis
353 899 467 965 memes,
482 898 651 972 venerisque
664 898 795 956 calorem.
964 903 1084 977 legibus
1097 899 1244 972 excipitur,
1255 897 1320 953 dum
1335 895 1424 951 nostri
1438 894 1504 964 jura
1521 892 1646 949 nefandis

127 989 175 1050 Sic
185 991 262 1049 calor
278 1000 415 1064 expugnat
428 992 531 1065 iquem,
543 1006 584 1048 src
597 990 707 1047 minora
721 988 817 1063 repelli
964 994 1080 1052 lctibus
1098 1000 1247 1064 expugnat,
1266 998 1293 1046 ct
1306 989 1347 1045 sic
1361 986 1409 1043 tibi
1421 985 1491 1042 bella
1504 984 1635 1040 minetur.

127 1086 290 1154 Flammam,
304 1087 345 1143 sic
357 1094 442 1142 estus
452 1094 561 1152 aestum,
570 1083 752 1156 emendorque
766 1083 915 1144 uminum.
964 1085 1035 1143 Nam
1049 1098 1096 1143 aaa
1110 1099 1157 1141 res
1169 1084 1271 1155 agitur,
1286 1079 1379 1152 paries
1393 1079 1461 1136 duro
1471 1078 1617 1150 prosimus
1629 1075 1720 1133 ardet.¹

127 1174 248 1233 Pinum
257 1175 375 1233 issfl⁰l0⁸
389 1192 467 1233 mem
484 1175 538 1232 5⁸²⁰
553 1184 624 1232 1²⁰⁸*
639 1175 742 1244 ⁰³¹⁰&
965 1179 1022 1237 ilos
1038 1194 1120 1237 castas
1133 1187 1233 1235 natura
1246 1177 1330 1242 ridet,
1344 1176 1495 1247 lapsusque
1507 1169 1633 1228 cadentis

128 1266 164 1324 Et
176 1279 277 1324 terram
292 1268 393 1324 mcertis
404 1268 536 1324 uirtutum
547 1266 614 1324 tiore
624 1266 706 1323 beato
966 1269 1071 1337 Mundi,
1087 1269 1215 1325 uirtutem
1229 1265 1298 1323 nitio
1313 1263 1506 1329 succumbere,
1521 1259 1612 1317 incedi
1634 1290 1639 1299 ·

128 1356 266 1430 Purpurat
277 1358 330 1416 iste
342 1358 429 1429 calor,
443 1358 510 1416 dum
524 1374 572 1414 rer
586 1358 698 1416 eoeleste
712 1354 828 1415 reducit.
965 1362 1077 1428 Fmdus,
1090 1359 1239 1416 amicitiem
1258 1357 1308 1420 liti.
1323 1368 1475 1427 pacemque
1488 1350 1587 1408 furori.

441 1470 556 1529 cppuq
575 1469 609 1529 v,
966 1451 1023 1510 ilos
1034 1452 1118 1525 qemit
1129 1465 1271 1514 excessus,
1283 1460 1392 1505 errores
1406 1445 1489 1517 tuest
1506 1442 1610 1498 abusus

130 1560 278 1619 mua
303 1564 373 1636 pen
393 1563 533 1621 ementes
557 1562 915 1636 circumcinctoria,
967 1543 1105 1615 neptem,
1118 1537 1394 1612 conrumperent
1407 1532 1666 1603 subnecram.

167 1634 325 1690 arcens-lici
346 1636 506 1691 conscendit.
527 1633 676 1691 Prosternit
691 1651 719 1691 sc
734 1634 799 1693 beo.
819 1637 842 1690 Α
862 1634 916 1689 liro
967 1635 996 1692 ln
1014 1636 1108 1693 multis
1121 1635 1204 1693 etiam
1220 1631 1333 1688 damnat
1350 1645 1401 1688 sna
1416 1627 1489 1685 tacta
1501 1635 1605 1682 reatus.

154 1705 288 1791 .“³⁹⁴²“'’
299 1716 325 1761 ⁶⁸
336 1704 516 1776 ⁶⁰”f⁰'⁸⁰‘¹²'·
932 1692 954 1748 Β
968 1727 1106 1785 Ειοιιιιιιι
1116 1727 1213 1785 rolens
1225 1726 1298 1784 iacto
1312 1724 1438 1790 meliore,
1451 1719 1587 1791 nonisque

131 1816 196 1875 ilcec
213 1818 310 1876 mirata
321 1821 367 1877 dio
382 1818 539 1887 Phrenesis,
554 1821 726 1893 multumque
744 1828 895 1877 retractam
967 1820 1092 1887 Artibus,
1107 1828 1192 1890 atque
1205 1834 1275 1875 nora
1289 1815 1426 1873 medicina
1441 1821 1548 1885 tergere
1562 1810 1701 1867 morbum,

133 1910 246 1983 Singula
259 1928 321 1985 quae
330 1912 407 1971 risus
420 1902 577 1987 pregustat,
591 1912 661 1968 lrcta
675 1927 802 1969 sororum
968 1910 1090 1978 Qualiter
1103 1923 1170 1981 erqo
1185 1908 1289 1965 malum
1305 1914 1427 1978 saperet,
1443 1903 1627 1973 morbumque
1641 1899 1758 1969 recitat,

133 2000 248 2070 Ducatu,
260 2003 359 2059 summi
375 2005 447 2077 regis
461 2005 620 2062 conscendit
634 2005 662 2061 in
676 2019 779 2072 mecm,
968 2002 1082 2062 Putrida
1096 2001 1220 2058 membra
1234 2009 1318 2067 secet,
1331 2015 1366 2056 ne
1377 2013 1442 2070 pars
1456 1997 1565 2054 sincera
1576 1996 1702 2051 trabatur

132 2093 192 2162 Qua
205 2095 305 2150 residet
319 2110 365 2151 res
382 2096 427 2152 ille
440 2095 507 2167 poli,
522 2097 570 2168 qui
585 2106 684 2154 cuncta
701 2105 812 2154 coercet
968 2093 1102 2152 Occursu
1113 2093 1190 2161 uitio,
1202 2107 1237 2148 uo
1251 2101 1339 2147 totum
1351 2090 1444 2146 diruat
1457 2088 1572 2144 orbem·

135 2182 254 2254 Legibus
269 2185 386 2256 imperii,
402 2186 449 2258 qui
465 2187 579 2243 numine
589 2190 703 2245 numina
718 2188 781 2246 coli
969 2186 1023 2243 Vix
1038 2186 1180 2260 cognoscit
1194 2185 1296 2251 adbuc,
1306 2184 1355 2241 sed
1370 2183 1480 2240 undem
1493 2178 1563 2236 treta
1576 2191 1706 2235 sororum

132 2273 312 2346 Constringit,
323 2278 403 2346 cujus
417 2285 484 2334 nutu
499 2279 620 2336 eclesia
634 2289 742 2337 nutam
969 2280 1124 2352 colloquio,
1140 2278 1306 2336 melioratis
1320 2275 1455 2349 procerit,
1471 2274 1502 2330 lu
1514 2271 1589 2329 istud

132 2364 197 2422 ilaec
211 2367 295 2439 igitur
312 2369 402 2425 uicina
418 2368 474 2427 lieo
488 2372 534 2427 ria
547 2373 665 2431 sustinet
680 2374 763 2445 hujus
969 2372 1123 2432 Consilium
1136 2371 1260 2437 veniens,
1273 2382 1304 2428 ut
1318 2370 1383 2427 totis
1396 2369 1501 2425 viribus
1520 2378 1608 2422 unum

134 2454 289 2515 immortale
300 2458 393 2530 iubar.
405 2462 451 2516 ria
463 2463 615 2533 majestatis
627 2464 764 2523 inundans
969 2465 1060 2542 (ludat
1075 2480 1158 2538 opus,
1175 2479 1225 2537 per
1237 2462 1310 2536 quod
1324 2461 1436 2534 proprie
1451 2467 1596 2516 succurrat
1612 2455 1724 2515 honori.

135 2547 281 2622 Exspectat
297 2552 400 2620 iumen,
416 2554 462 2610 scd
477 2569 538 2611 eam
552 2554 673 2614 delendis
688 2559 723 2614 ab
735 2557 790 2616 isto
970 2557 1148 2626 Quoreteres
1164 2569 1278 2627 operum
1295 2552 1383 2625 possit
1399 2566 1516 2623 perrsare
1527 2549 1636 2616 reluat,
1753 2624 1756 2629 Α

137 2638 253 2710 Fulgore
263 2641 389 2713 planities
402 2644 516 2713 speculi,
528 2660 610 2717 quam
624 2647 729 2706 visibus
738 2648 817 2705 ollert
970 2649 1036 2706 Vult
1050 2648 1188 2705 bominem
1208 2647 1328 2704 formare
1339 2658 1452 2712 novum,
1467 2643 1515 2716 qui
1528 2643 1618 2701 sidere
1628 2640 1724 2699 tome

136 2727 183 2787 ¹¹¹⁸
200 2733 268 2800 ⁸⁰5⁸,
283 2733 371 2789 lucem
385 2733 498 2805 speculo
511 2735 648 2794 mediante
661 2739 813 2798 remrdans.
970 2744 1122 2800 ritmorum
1135 2740 1224 2798 lorms
1238 2740 1359 2812 reliquos
1373 2738 1560 2805 transcendat,
1572 2745 1707 2794 momsee

137 2820 215 2880 'lunc
227 2824 303 2897 virgo
317 2825 431 2898 quobus
443 2824 560 2886 desiset
572 2831 694 2902 supplice
706 2831 782 2890 uultu
971 2833 1107 2891 Excessus
1120 2845 1248 2889 resecans
1260 2829 1345 2903 regali
1359 2829 1444 2885 limite
1454 2842 1580 2902 pressum

138 2914 289 2975 Submissae
302 2919 378 2977 tocie
394 2921 506 2978 niodulo
515 2930 649 2994 gestuque
664 2924 786 2983 timentis
972 2925 1120 2994 Producat,
1139 2923 1317 2994 mediumque
1331 2932 1428 2979 tenerm
1444 2930 1567 2978 extrema
1580 2920 1740 2993 relinquotz

137 3009 222 3085 384
239 3009 379 3083 supplicat
394 3021 497 3070 camno
513 3015 580 3085 regi,
594 3015 762 3091 verbumque
775 3020 872 3079 saluus
936 3016 1055 3098 0885
1075 3015 1110 3073 Ut
1124 3017 1221 3073 saltem
1236 3015 1339 3071 mundo
1353 3013 1431 3072 sidus
1445 3012 1619 3086 praefulguret
1635 3027 1734 3082 aarum,

137 3101 273 3170 Pralibat,
290 3104 431 3176 mistaque
443 3114 564 3162 tremunt
579 3105 724 3166 formidine
736 3111 831 3169 rerba.
972 3109 1025 3178 Qui
1037 3110 1111 3181 jacet
1137 3122 1262 3164 errorum
1276 3107 1419 3164 tenebrosa
1434 3115 1514 3163 nocte
1526 3106 1651 3176 sepultus
1663 3122 1672 3161 ε

141 3192 196 3250 Sed
212 3210 341 3268 superum
357 3197 464 3269 genitor
476 3198 592 3256 reddens
606 3215 656 3257 sua
666 3201 728 3273 jura
742 3202 824 3260 saluti
973 3200 1009 3258 Ut
1023 3201 1064 3259 sic
1076 3201 1193 3272 respiret
1205 3201 1303 3264 virtus,
1315 3206 1427 3255 excuset
1438 3197 1465 3252 in
1480 3201 1534 3254 isto

139 3279 228 3354 Erigit
239 3284 319 3350 hanc,
335 3295 361 3341 et
374 3298 447 3344 stare
462 3288 551 3359 jubet,
567 3300 713 3364 motusque
728 3294 835 3353 timoris
972 3291 1087 3359 Error-ee
1101 3303 1200 3348 natura
1214 3306 1292 3358 suos,
1305 3300 1334 3346 et
1346 3287 1471 3346 conlerat
1485 3287 1532 3344 uni

138 3372 252 3442 Sistere,
264 3393 298 3433 ne
311 3387 399 3434 terror
412 3381 533 3437 animum
548 3398 699 3456 vocemque
712 3386 831 3444 retardet
972 3385 1051 3453 Quod
1064 3386 1159 3442 multis
1174 3383 1301 3443 conlerre
1314 3384 1420 3455 nequit,
1441 3381 1626 3454 meritumque
1638 3377 1743 3440 iecoris

139 3465 272 3541 Erigitur,
293 3479 468 3542 mentemque
482 3474 563 3545 regit,
576 3476 733 3547 partimque
750 3478 870 3536 retardat
972 3478 1008 3537 lit
1021 3478 1132 3536 badum
1146 3477 1244 3535 titulos
1259 3476 1355 3535 saltem
1371 3477 1492 3533 lucretur
1505 3475 1532 3530 in
1553 3489 1619 3531 uara.

139 3558 225 3634 virgo
250 3570 367 3630 metum,
384 3571 439 3619 stat
462 3579 541 3622 mens
563 3582 626 3623 eum
651 3583 778 3641 corpore,
799 3573 925 3643 corporis
973 3571 1041 3640 Quae
1052 3572 1130 3645 jacet
1143 3572 1172 3631 in
1188 3571 1283 3628 multis
1294 3571 1434 3635 damnata,
1448 3581 1586 3637 suumque
1597 3567 1725 3623 decorem

788 3659 890 3735 [uquat
973 3662 1093 3731 limittit,
1108 3662 1172 3718 dum
1186 3661 1244 3719 sola
1263 3661 1306 3718 sui
1314 3660 1372 3732 J'am
1383 3668 1468 3716 reatru
1480 3656 1582 3729 lmaqo.

139 3743 217 3803 tecm
227 3754 317 3803 crecta
334 3747 436 3815 sitnon
455 3748 495 3805 sic
507 3763 560 3805 ros
576 3750 713 3809 submissa
722 3755 838 3811 resumit
975 3751 1030 3808 Sed
1042 3752 1118 3808 nullo
1131 3752 1237 3808 llrmata
1250 3762 1361 3808 maneat
1371 3757 1501 3820 occepta
1515 3758 1621 3816 tenore,

141 3837 231 3908 Vires,
245 3848 364 3897 erectam
379 3850 496 3896 mentem
510 3857 561 3898 sus
575 3842 659 3899 rerba
674 3854 837 3916 sequuntur.
975 3842 1007 3898 Ni
1022 3845 1221 3914 tusconceptis
1233 3843 1379 3915 applaudat
1391 3843 1488 3915 mua,
1502 3850 1622 3912 coeptum

141 3929 207 3989 Exit
218 3931 247 3988 in
259 3932 311 3991 luas
320 3946 402 3989 uoces
415 3932 534 3999 animus,
552 3934 699 4010 uerbisque
712 3936 845 3995 redundat
861 3957 869 3995 ι
977 3933 1103 4019 Roboret,
1116 3943 1198 4005 atque
1211 3946 1259 3991 tuo
1272 3935 1417 3991 conlrruet
1431 3948 1542 3989 numine
1553 3944 1647 3989 rotam

446 4047 560 4105 cppuq
579 4049 622 4106 vr,
974 4025 1078 4084 Natura
1092 4027 1325 4099 larrgucrctopus,
1341 4027 1503 4098 penitusque
1513 4024 1619 4096 jaceret

144 4137 228 4222 neem
240 4139 384 4223 alloquens
402 4144 543 4195 ,mmm
555 4141 713 4199 summm
724 4142 839 4201 gamm
853 4145 926 4216 pm,
975 4118 1109 4178 incultum
1124 4120 1160 4191 P,
1176 4119 1277 4177 reterls
1288 4120 1410 4177 reboens
1421 4116 1530 4176 fastidia
1548 4132 1658 4186 masse,

69 4254 73 4261 .
181 4220 326 4265 taenarium
339 4213 455 4281 exponit.
476 4212 651 4283 Conqueritur
662 4215 789 4270 mundum
800 4226 882 4271 toturn
896 4218 924 4272 is
974 4212 1009 4269 ut
1023 4222 1070 4273 tua
1088 4222 1193 4271 naturae
1208 4212 1331 4270 llrnraret
1345 4212 1456 4268 dextera
1474 4210 1587 4278 lactum,

178 4280 294 4363 muel?
324 4284 439 4364 Wlfflin}
457 4297 534 4366 flu·
558 4280 676 4365 ,ΜΝ
704 4284 768 4355 petit
804 4287 925 4369 *ΨΜ
975 4305 1170 4377 lnilrmamque
1186 4320 1298 4362 manum
1312 4311 1429 4377 regeret,
1446 4302 1710 4373 ccrrduceretnujns

180 4350 338 4420 sensatione
363 4352 477 4406 lrouuurs
506 4368 575 4407 none.
604 4351 720 4411 Nature
743 4366 923 4413 necessitatem

178 4422 263 4491 Μὴ
272 4438 440 4494 mmm
456 4422 604 4489 Qmppam
618 4426 724 4495 amp,
737 4428 796 4482 mi
810 4428 923 4482 pomini,
939 4377 961 4432 Β
976 4396 1127 4454 Scribeutis
1139 4397 1286 4462 calamum,
1304 4397 1411 4468 lapsum
1426 4395 1564 4466 suppleret
1577 4393 1679 4450 euntis.

179 4507 255 4547 cmm
268 4493 379 4565 requirit
391 4509 408 4546 o
421 4493 486 4547 Dee·
976 4496 1107 4568 Corporis
1119 4493 1235 4565 elbqlesn
1250 4494 1303 4550 sibi
1317 4494 1439 4566 deputat,
1453 4486 1539 4564 exigit
1553 4506 1569 4547 a
1584 4498 1610 4546 te

144 4578 174 4638 Si
190 4590 300 4640 nostrus
312 4583 430 4656 gemitus
443 4593 470 4641 et
482 4594 581 4642 nostrae
596 4585 674 4643 taedia
690 4585 783 4654 sortis,
975 4588 1055 4657 Quod
1069 4566 1290 4659 superetnatura
1303 4587 1417 4651 bonum,
1432 4598 1588 4656 munusque
1597 4581 1671 4655 quod
1686 4582 1744 4653 ipse

143 4670 295 4733 lluudanos
310 4691 402 4745 casus,
418 4677 610 4750 mundanaque
624 4677 689 4748 lata,
704 4681 821 4737 caducos
977 4683 1060 4742 Solus
1076 4683 1172 4747 balrss,
1191 4681 1368 4750 animamque
1379 4677 1457 4750 petit,
1470 4692 1533 4750 quas
1544 4677 1602 4734 sola
1615 4674 1727 4745 superui

144 4770 238 4837 Ortus,
253 4769 386 4827 instantes
399 4771 501 4837 obitos,
515 4771 631 4843 uimque
650 4774 820 4844 propinquos
977 4777 1101 4834 Postulat
1113 4773 1227 4831 artitlois
1236 4786 1362 4840 sensum,
1379 4771 1529 4842 limamque
1539 4767 1665 4841 requirit.

146 4862 414 4935 camusnanesre
425 4878 571 4934 pensemus
583 4865 699 4938 originis
713 4880 811 4935 omem
978 4868 1093 4927 b'ostras
1104 4874 1331 4938 namqucmsnus
1345 4863 1485 4921 terrestris
1501 4861 1605 4920 fabrica
1619 4869 1725 4918 uotum

146 4955 212 5025 Qum
226 4964 351 5012 bonrum
366 4964 456 5013 tantos
468 4956 556 5014 lastut
570 4957 690 5024 invadat,
703 4968 733 5015 ιιι
746 4968 809 5016 autc
978 4958 1117 5034 Exposuit,
1130 4959 1178 5015 sed
1189 4956 1348 5015 casanimoe
1360 4956 1481 5014 eulestis
1492 4955 1569 5027 origo

145 5049 331 5121 Conspectum
347 5047 500 5121 laciemque
514 5048 562 5105 llei
578 5057 725 5121 praesumat
737 5051 839 5109 babere
978 5053 1099 5127 ignorat,
1111 5051 1219 5123 solique
1230 5064 1314 5106 saum
1326 5048 1375 5106 tibi
1387 5049 1410 5083 ’¹
1427 5047 1540 5120 deputat
1550 5055 1641 5103 ortum

146 5142 339 5213 Colloqniuml
359 5143 503 5215 noctisque
516 5143 656 5209 lucescum
669 5143 732 5200 luce
743 5145 891 5216 loquuturi
979 5143 1050 5216 Ergo
1064 5152 1111 5199 tuo
1125 5152 1193 5199 natu
1206 5157 1307 5199 numen
1317 5141 1428 5199 euelmte
1440 5139 1544 5196 caduca

146 5234 298 5292 deosculat
311 5248 403 5305 repens
416 5249 530 5302 serrus3
542 5250 699 5308 pauperque
714 5239 875 5308 potentemt
979 5235 1133 5309 visitetur
1146 5250 1247 5307 corpus
1258 5235 1379 5293 coelestis
1392 5233 1505 5305 spiritus
1519 5229 1614 5297 intret,

145 5324 309 5397 Factorique
324 5332 496 5382 submoveat
512 5324 617 5383 lactura
631 5327 792 5399 querelaml
979 5328 1009 5386 ln
1023 5338 1094 5401 terra
1108 5326 1224 5401 postem
1241 5327 1269 5384 in
1281 5328 1353 5385 cmlo
1368 5333 1459 5382 mente
1471 5324 1552 5379 beata

147 5413 202 5471 Sed
215 5416 279 5487 quia
293 5424 319 5471 te
334 5415 436 5471 iontem
450 5413 558 5485 pietatis
576 5417 714 5485 norimus,
728 5433 743 5473 a
758 5432 815 5490 quo
979 5422 1071 5491 Vivat,
1088 5431 1117 5479 et
1129 5422 1248 5483 interris
1262 5420 1417 5495 peregrinet
1428 5431 1542 5489 corpore
1556 5414 1628 5479 tolo.

146 5505 255 5566 bituris
268 5508 409 5566 stimulum
426 5507 533 5565 bonitas
548 5509 641 5566 innata
658 5510 776 5583 relegat3
979 5513 1118 5572 Virtutum
1131 5516 1207 5575 dirce
1219 5494 1329 5589 opibus,
1345 5500 1478 5569 fecundus
1490 5524 1585 5567 amore

782 5624 896 5686 tantm
913 5627 1113 5689 tumultus.

183 5713 208 5752 ¹⁶
226 5715 279 5774 ils,
297 5717 343 5788 A,
357 5726 529 5792 congestum.
563 5715 588 5751 '²
608 5716 661 5775 lis.
683 5715 726 5788 t,
740 5719 791 5776 sie.
962 5742 967 5756 ‹
1210 5720 1212 5724 '
