3992 6042
251 212 307 271 935
888 199 990 257 ttulit
1007 198 1053 257 DE
1071 198 1207 258 iustitis
1813 197 1869 256 W

251 331 379 387 collatum
393 341 409 383 a
423 325 536 399 spirito.
549 324 654 404 Dicitur
663 321 785 395 angelica
799 329 908 387 natura,
919 319 993 377 code
1009 319 1038 375 in
1052 324 1075 380 Α
1088 320 1161 390 apud
1176 325 1312 375 auctores.
1332 315 1437 373 Dicitur
1449 323 1578 388 peccator
1591 328 1646 387 qno
1662 328 1693 372 sc
1707 314 1798 372 munit
1808 317 1870 373 dia·

250 421 298 479 lib.
312 420 477 491 Sapientiae:
494 417 574 473 Prior
592 417 711 471 ananiam
722 424 812 470 creato
824 421 864 469 est
874 413 1017 484 snpientia.
1084 410 1174 475 bolus,
1186 408 1257 465 unde
1274 409 1302 463 iu
1317 406 1370 464 lob
1381 408 1502 463 dicitur:
1518 406 1619 478 Corpus
1635 406 1693 476 ejas
1704 417 1869 478 compactam

285 514 429 585 Sapphirua
442 511 551 583 proprie
561 509 641 578 lapis.
654 506 757 563 Dicitur
769 504 935 575 sanctusqui
952 503 1036 559 coela-
1084 500 1202 571 squamir
1214 515 1242 553 ae
1261 498 1447 569 prementibus,
1469 495 1533 569 quia
1551 513 1607 553 una
1623 498 1671 555 uui
1685 499 1868 569 conjungitur.

253 596 341 667 stibus
355 606 454 671 inhiat,
468 604 533 674 quia
548 601 694 673 sapphirus
711 596 774 654 coeli
787 597 884 652 retinet
895 596 1033 662 colorem;
1084 589 1188 646 Dicitur
1204 597 1387 660 tegunrentum
1402 629 1410 656 ,
1425 589 1498 651 unde
1509 588 1565 645 ler.
1582 587 1665 662 [lerc,
1684 590 1741 663 ed]
1756 592 1823 648 dicit
1840 607 1871 649 κ

252 701 325 758 unde
339 701 367 754 in
386 700 470 768 Apoc.
482 694 602 750 celestis
626 691 776 748 Jerusalem
790 689 891 746 dicitur
902 688 1036 745 aedificata
1083 697 1139 738 nou
1151 681 1419 738 eurarelltlanticum
1430 681 1578 752 squamaiu
1588 689 1788 753 tegumentum,
1796 683 1870 754 quod

252 809 286 851 ex
302 790 449 863 sapphiris.
479 786 560 842 Notat
582 784 836 854 contemplationem
862 782 1034 847 scelestium,
1084 773 1184 830 dicitur
1199 772 1290 829 labala
1307 788 1368 846 qun
1381 773 1448 830 dicit
1458 772 1592 828 dtlantem
1608 772 1725 844 propriis
1740 772 1868 832 humeris

251 885 362 941 tandein
377 883 455 938 Cant.
468 899 476 936 ε
493 880 587 934 Vetrter
603 879 659 946 ejas
671 878 808 943 eburneus,
819 877 960 932 distinctus
974 890 1036 945 sap·
1084 867 1248 924 sustinuisse
1258 865 1359 931 sidera,
1370 866 1498 936 perquod
1509 864 1775 937 siguilicaturiptum
1784 865 1870 925 lutam

251 979 346 1048 phiris.
368 959 449 1031 Notat
469 971 619 1044 angelicam
638 978 774 1033 naturam,
786 967 858 1024 unde
868 965 919 1021 lob
931 965 964 1021 de
974 980 1036 1035 pre-
1084 967 1272 1019 astronomum
1286 966 1315 1015 el
1329 957 1525 1014 astronomiam
1538 956 1659 1029 riguisse
1669 970 1719 1027 per
1731 957 1836 1027 ipsum,

251 1071 290 1125 lio
310 1069 449 1139 sapientior
471 1066 510 1120 ait
525 1083 532 1119 ε
550 1063 611 1117 Non
633 1062 767 1131 confertur
790 1059 875 1130 lapidi
895 1057 1035 1141 sardonico
1119 1050 1284 1108 Scandalam
1305 1048 1706 1116 diciturascandulanGraece‚
1728 1050 1802 1121 quod
1816 1047 1870 1107 h.

251 1159 441 1233 pretiosissimo
454 1155 506 1221 ,sul
533 1155 678 1227 sapphiro;
703 1167 752 1222 per
773 1150 966 1214 sardonicum,
987 1148 1035 1220 qui
1085 1145 1142 1201 tine
1157 1145 1351 1214 interpretatur
1370 1144 1450 1214 lapis,
1466 1145 1531 1215 quia
1554 1143 1642 1199 latens
1664 1144 1692 1198 in
1705 1144 1869 1211 uia‚riatori
1944 1191 1948 1199 ,

252 1268 331 1314 terrm
344 1257 435 1311 rubeae
446 1249 651 1308 similitudinem
665 1246 757 1311 babet,
783 1242 908 1298 homines
925 1241 1036 1309 siguau-
1083 1238 1186 1309 praebet
1207 1237 1411 1294 offendiculum.
1437 1235 1604 1293 scandalunt
1617 1235 1717 1292 dicitur
1730 1239 1870 1295 errorali·

251 1360 314 1416 tur:
339 1364 386 1418 per
400 1346 570 1417 sapphirum,
582 1342 628 1413 qui
641 1337 849 1396 similitudinum
860 1331 1033 1397 aeris'hnbet,
1084 1330 1165 1400 cujus
1179 1328 1351 1386 occasionem
1364 1344 1475 1384 sumens
1485 1326 1598 1384 exlacto
1608 1327 1868 1399 relterboaltcrius,

251 1444 361 1515 angeli;
378 1440 518 1512 sapientiae
533 1437 589 1504 Dei,
603 1436 630 1491 id
641 1442 682 1490 cst
700 1432 820 1496 Christo,
840 1443 890 1484 nec
912 1427 940 1482 in
963 1434 1035 1482 terra
1084 1421 1157 1477 uude
1173 1420 1306 1477 Dominus
1323 1418 1504 1476 :Neeesseest
1520 1429 1551 1475 ut
1566 1422 1670 1475 ueniant
1690 1419 1830 1485 scandolo,
1842 1421 1871 1476 id

251 1534 332 1605 primi
348 1532 472 1587 homiues
486 1544 535 1583 nec
555 1528 581 1581 in
598 1525 667 1581 corio
679 1521 766 1594 angeli
778 1525 980 1587 comparantur.
1084 1521 1125 1599 est
1149 1520 1179 1567 ut
1208 1512 1292 1583 aliqui
1314 1512 1544 1569 scandalizentur,
1569 1511 1674 1569 ppetuu.
1698 1514 1870 1569 commi„

285 1620 608 1692 Suedius,lapisspecicm
618 1629 696 1673 terrm
707 1615 799 1669 rubeae
809 1612 921 1667 babens.
930 1607 1035 1664 Dicitur
1084 1604 1296 1676 alicuius,uude
1310 1605 1412 1660 Paulus
1434 1604 1516 1660 :bloc
1544 1621 1668 1676 inagnum
1694 1604 1816 1674 judicate
1837 1620 1870 1660 m

250 1727 355 1788 martyr
368 1716 496 1770 rubeatus
510 1711 643 1782 sanguine
660 1707 808 1780 passionis,
832 1703 867 1760 de
882 1717 937 1775 quo
952 1704 1035 1759 eliam
1049 1695 1071 1750 B
1085 1715 1212 1770 ponamus
1228 1698 1417 1769 offendiculum
1432 1698 1513 1769 [ratri
1535 1696 1575 1752 nel
1596 1699 1763 1759 scordalum.
1780 1697 1807 1752 id
1827 1705 1871 1754 cst

250 1810 349 1880 beluli
365 1808 392 1863 5¹¹
407 1808 492 1877 390⁰·
1084 1804 1119 1846 ne
1129 1788 1242 1845 lratrem
1251 1790 1456 1855 contristemus,
1468 1788 1539 1843 uude
1550 1791 1870 1860 consequentertlpoato·

249 1914 252 1920 ’
288 1900 434 1966 Sandonis,
449 1898 557 1969 propriu
567 1893 639 1965 lapis
652 1894 760 1958 subtus,
775 1890 863 1961 niger,
878 1885 969 1943 medio
986 1901 1033 1941 ru·
1081 1882 1125 1939 lus
1136 1882 1189 1938 ait:
1202 1881 1232 1936 st
1244 1898 1290 1953 per
1300 1898 1386 1936 escant
1396 1882 1480 1952 frater
1490 1889 1550 1935 tuas
1562 1881 1815 1951 tristatur,jamnon
1827 1897 1870 1937 sc·

194 2050 197 2054 Δ
250 1992 400 2060 biennius,
423 2006 505 2062 supra
531 1988 672 2044 candidus.
693 1985 797 2041 Dicitur
818 1983 900 2038 ctiam
921 1993 1032 2036 sanctus
1081 1972 1365 2028 candumclruritutem
1379 1971 1500 2027 ambulas
1515 1971 1712 2027 scandalizans.
1725 1973 1869 2028 scandali·

250 2086 480 2157 nigcrcontentu,
504 2082 607 2136 rubeus
624 2076 764 2149 passione,
786 2073 918 2131 candidus
931 2082 1032 2138 mente,
1083 2079 1148 2120 nus
1169 2064 1270 2120 dicitur
1293 2063 1340 2120 ille
1360 2064 1407 2134 qui
1431 2064 1515 2118 elilim
1536 2062 1660 2129 offendit.
1683 2065 1870 2136 dndblttilttr

251 2177 285 2232 de
301 2191 356 2246 ouo
371 2174 497 2230 similiter
510 2172 537 2226 in
550 2172 636 2240 upoc.
1081 2155 1154 2227 quod
1167 2154 1294 2212 Christus
1311 2155 1389 2212 tollet
1404 2155 1497 2211 omnia
1519 2156 1647 2213 scaudala
1662 2157 1695 2212 de
1707 2172 1793 2226 reguo
1806 2173 1869 2221 suo,

291 2266 472 2327 Sarmentum,
488 2262 609 2333 proprie.
626 2259 733 2315 Dicitur
747 2256 864 2313 inlidelis
878 2254 912 2310 ab
927 2252 1033 2308 unitate
1082 2246 1168 2317 idest
1187 2264 1284 2307 omnes
1301 2248 1530 2308 scandalizantes.
1545 2249 1650 2305 Dicitur
1661 2250 1743 2306 etiam
1758 2252 1870 2307 occasio

250 2359 379 2415 Ecclesiae
394 2357 514 2421 excisus,
529 2354 579 2410 soli
595 2361 698 2410 auterno
717 2351 772 2422 igni
799 2356 953 2406 reservatus
966 2350 985 2414 ,ι
998 2343 1033 2401 de
1082 2344 1213 2412 scandali,
1231 2344 1303 2400 unde
1316 2342 1401 2400 Dauid
1415 2362 1423 2398 :
1436 2342 1523 2398 lueto
1534 2343 1586 2398 iter
1596 2344 1754 2399 scandalum
1771 2360 1870 2415 potas·

251 2456 457 2519 quosarmento
478 2445 634 2515 frequenter
663 2443 814 2513 loquuntur
837 2438 976 2512 prophetae
1005 2441 1034 2491 et
1081 2446 1144 2494 rant
1158 2438 1234 2493 milti.

251 2541 370 2596 maxime
382 2536 517 2593 Ezechiel.
1117 2527 1244 2600 Scapula,
1265 2529 1384 2601 proprie.
1407 2528 1510 2586 Dicitur
1532 2530 1656 2601 operatio
1679 2529 1868 2597 mirabilium,

287 2628 403 2693 Satiare,
420 2626 539 2699 proprie.
552 2624 634 2681 Notat
645 2622 821 2696 spiritualiter
835 2621 951 2693 reficere,
961 2619 1033 2676 untle
1081 2622 1153 2678 uude
1171 2619 1255 2677 David
1267 2618 1405 2692 :Scapulis
1416 2622 1471 2675 suis
1485 2621 1651 2676 obumbrabit
1667 2619 1727 2676 tibi.
1741 2620 1870 2691 Speranti

250 2718 336 2775 Dauid
353 2716 570 2773 :satiaboruam
585 2717 738 2786 apparuerit
753 2713 838 2786 glorio
851 2723 908 2767 tun.
1082 2714 1152 2769 lldcli
1169 2713 1257 2783 gratia
1279 2712 1327 2768 Dei
1355 2712 1534 2783 promittitur.
1563 2712 1687 2784 Scapula
1710 2713 1783 2770 enirn
1804 2722 1871 2770 sunt

287 2811 382 2869 Satura
402 2812 473 2865 idern
494 2809 566 2880 quod
589 2818 694 2874 natum,
720 2806 793 2862 utrde
815 2805 885 2875 apud
906 2813 1032 2861 auctores
1081 2804 1248 2860 mirabilium
1266 2803 1439 2874 operationes
1462 2804 1563 2874 quibus
1583 2811 1614 2857 ut
1638 2804 1758 2859 humeris
1780 2802 1870 2857 virtus

251 2904 304 2958 huc
322 2917 421 2957 nornen
437 2910 511 2956 sotus
523 2898 641 2955 sumitur
655 2913 704 2969 pro
724 2905 812 2952 natus.
829 2894 932 2951 Dicitur
948 2894 1032 2950 semi·
1082 2895 1130 2953 Dei
1151 2895 1312 2956 ostenditur.
1335 2894 1435 2950 Pennae
1454 2905 1518 2952 sunt
1543 2897 1645 2951 monita
1673 2896 1866 2966 prophetarum

251 3002 366 3057 uatum,
393 2991 465 3046 unde
480 2998 595 3062 elsegus
607 2988 739 3046 soletdici
759 2996 818 3043 suta
834 3002 850 3042 a
868 3001 937 3053 sero,
954 2987 1031 3053 seris,
1082 3002 1144 3057 quie
1159 2986 1187 3040 iu
1201 2986 1288 3041 eoelus
1309 2985 1419 3040 vehent.
1435 2984 1467 3040 Et
1480 2994 1522 3041 εει
1540 3002 1638 3041 seusus
1654 3004 1661 3041 :
1677 2986 1798 3056 Scapulis
1808 2987 1867 3042 auis

251 3083 316 3148 seui,
329 3083 403 3139 unde
417 3082 515 3154 legitur
535 3081 609 3154 quud
625 3079 740 3151 apostoli
763 3079 839 3135 ibant
857 3093 906 3149 per
926 3087 986 3133 sata
1005 3042 1066 3133 otC
1082 3076 1248 3132 obumbrabit
1267 3076 1334 3143 tibi,
1359 3076 1387 3132 id
1411 3087 1453 3133 cst
1478 3078 1683 3148 operationibus
1701 3078 1869 3133 mirabilium

252 3175 442 3232 confricabant
469 3176 569 3245 spicas.
595 3172 700 3229 Dicitur
723 3185 851 3227 mensura
880 3185 945 3243 qum
961 3170 1033 3226 reci·
1082 3177 1109 3224 te
1123 3167 1238 3224 instruet
1259 3186 1266 3223 :
1287 3176 1311 3222 et
1325 3167 1373 3222 sub
1388 3170 1479 3240 pennis
1495 3170 1562 3240 ejus,
1588 3170 1615 3226 id
1635 3178 1679 3227 ast
1704 3170 1733 3225 in
1754 3169 1870 3226 monitis

252 3269 293 3340 pit
313 3279 420 3335 satum,
443 3268 516 3324 unde
532 3266 631 3338 legitur
649 3265 724 3336 qrrod
744 3262 843 3318 mulier
858 3263 1033 3318 commiscuit
1081 3261 1349 3331 prophetarumque
1365 3269 1408 3316 est
1420 3260 1562 3331 protectio,
1577 3263 1694 3331 sperabis

252 3360 420 3418 lcrrucuturn
431 3360 519 3417 tribus
534 3357 602 3415 satis
616 3357 723 3422 larinas,
740 3354 767 3411 id
786 3365 829 3409 est
847 3352 935 3409 tribus
952 3368 1032 3408 meu·
1119 3349 1240 3419 Schema,
1264 3352 1390 3420 materia,
1405 3353 1476 3409 unde
1490 3353 1517 3407 in
1532 3353 1645 3423 legenda
1658 3350 1730 3410 beati
1744 3352 1871 3410 llichac·

252 3452 334 3508 suris.
1081 3444 1116 3500 lis
1141 3445 1239 3516 legitur
1264 3446 1338 3515 quod
1363 3445 1514 3501 oratorium
1543 3446 1603 3515 ejus
1627 3443 1728 3501 lactum
1746 3456 1807 3502 crat
1832 3447 1870 3503 de

289 3541 428 3609 Saturnus,
440 3542 560 3612 proprie,
574 3547 653 3595 notat
666 3537 774 3608 replere,
789 3536 861 3592 urrde
870 3533 1030 3591 Psalmista:
1081 3535 1128 3589 uili
1141 3536 1290 3591 schcmate.
1300 3535 1654 3608 Diciturligurasecundum
1668 3538 1742 3608 quod
1752 3552 1871 3607 agram-

253 3630 375 3688 Soturati
391 3641 450 3685 sant
463 3630 525 3698 filii,
541 3629 570 3682 id
586 3636 628 3683 cst
642 3627 736 3698 repleti
750 3628 879 3697 operibus
891 3626 992 3698 prauis.
1082 3626 1190 3682 matieis
1203 3627 1381 3699 distinguitur
1393 3629 1464 3685 iuter
1479 3628 1591 3685 schema
1601 3629 1694 3685 lexeos
1713 3636 1742 3685 ει
1755 3629 1869 3687 sebenia

289 3720 401 3787 Saxum,
420 3720 538 3791 proprie.
554 3716 661 3774 Dicitur
672 3718 799 3776 Christus
824 3727 887 3790 post
908 3732 1032 3775 resurre·
1082 3716 1204 3774 diarteos.

253 3813 371 3870 ctionem
385 3827 462 3868 suam
476 3811 637 3868 immortalis
650 3810 748 3876 lactus,
771 3812 842 3868 unde
854 3811 882 3867 in
900 3810 978 3867 Deut.
993 3811 1033 3867 le-
1118 3805 1235 3864 Scientia
1259 3813 1377 3883 proprie.
1400 3812 1505 3870 Dicitur
1529 3815 1653 3872 doctriua
1672 3816 1707 3873 de
1726 3816 1866 3881 motibus.

253 3908 327 3978 gitur
345 3929 351 3964 :
368 3906 501 3962 Sucerant
524 3903 575 3960 mal
595 3905 628 3960 de
648 3915 723 3974 petra
746 3904 882 3978 oleumque
903 3905 936 3961 de
965 3919 1032 3963 raso
1081 3899 1154 3956 uude
1167 3901 1270 3958 Dauid:
1287 3904 1349 3960 Dies
1361 3906 1414 3961 diei
1425 3909 1869 3968 eructatoerbumetuoencetiin·

252 3997 415 4062 damonum·
431 3996 482 4051 boc
495 4009 575 4066 sopra
589 3995 740 4065 expositum
752 4003 804 4052 est.
962 4040 966 4047 .
1082 3992 1154 4047 dicut
1167 3995 1315 4052 scientiam.
1327 3994 1437 4054 'Dicitur
1446 4000 1576 4072 cogitatio
1586 4010 1756 4058 terrenorum
1768 4040 1777 4071 ‚
1791 4005 1867 4062 uude

289 4083 450 4151 scabellum,
466 4086 583 4156 proprie.
606 4083 708 4140 Dicitur
724 4100 823 4156 corpus
836 4085 948 4150 Christi,
961 4084 1034 4142 unde
1082 4082 1184 4142 Paulus
1207 4087 1380 4145 :Daltt'tado
1390 4091 1543 4149 diuitiarum
1554 4096 1692 4164 sapientia
1705 4106 1731 4151 et
1747 4098 1867 4154 scimtt'oe

254 4178 281 4235 in
293 4178 401 4234 Psalmo
414 4196 422 4233 :
435 4177 550 4232 aaaron
571 4176 714 4234 scabellum
733 4178 828 4248 pediam
848 4178 917 4246 eius,
940 4178 967 4234 id
991 4186 1034 4234 est
1081 4175 1142 4242 Dei,
1155 4176 1259 4234 Dicitur
1273 4179 1376 4236 donum
1391 4182 1510 4253 Spiritus
1535 4187 1639 4252 saneti,
1668 4189 1741 4244 unde
1753 4187 1864 4245 isaias:

253 4285 354 4341 ourpus
368 4269 472 4326 Christi
485 4270 558 4340 quod
570 4277 613 4326 est
633 4269 780 4326 scabellum
800 4269 963 4338 diuinitatis3
983 4284 1033 4341 per
1082 4267 1118 4323 Et
1133 4271 1273 4340 requiescet
1284 4273 1394 4342 spiritns
1404 4276 1609 4348 scientiaeauper
1621 4295 1692 4336 earn.

253 4363 420 4436 pedesenim
448 4360 582 4419 indeiecta
602 4361 711 4418 deitatis
730 4360 865 4418 stabilitas
887 4362 1069 4435 accipiturp
1118 4358 1243 4418 Scintilla
1268 4367 1386 4436 proprie.
1405 4367 1510 4424 Dicitur
1532 4386 1626 4428 musca
1645 4388 1707 4443 qum
1730 4373 1803 4430 lucet
1825 4373 1865 4431 sd

254 4451 359 4510 Dicitur
374 4461 482 4507 terrena
491 4451 621 4523 dignitas,
634 4451 707 4508 uude
721 4450 806 4508 isaias
825 4470 833 4507 ε
858 4451 958 4508 Gelam
967 4452 1033 4507 milti
1083 4465 1201 4522 noctem,
1215 4456 1287 4512 uude
1297 4466 1325 4512 et
1335 4460 1469 4517 noctiluca
1482 4461 1597 4530 dicitar;
1623 4463 1696 4520 unde
1711 4465 1837 4523 Salomon
1852 4483 1864 4523 a

252 4545 326 4599 seties
340 4552 389 4611 est,
403 4553 473 4599 terro
484 4556 570 4599 autern
584 4544 725 4599 scabellum
735 4544 828 4613 pedum
839 4561 965 4609 meorum,
977 4559 1034 4601 coe·
1083 4543 1231 4617 Fulgebunt
1242 4549 1323 4619 justi,
1341 4561 1404 4617 etc,
1418 4562 1443 4607 et
1458 4556 1724 4625 tunquamscintt'lloe,
1739 4567 1805 4625 elem
1818 4558 1865 4614 in·

254 4634 401 4704 lestiaquia
411 4634 534 4707 digniora
544 4643 625 4701 suut,
640 4634 719 4690 sedes
730 4634 1033 4702 Deidicuntumterrcna
1083 4637 1354 4713 sinuanturquatuor
1366 4648 1545 4717 proprietates
1561 4649 1703 4719 glurillcati
1714 4651 1837 4723 corporis
1853 4670 1863 4709 a

254 4724 399 4795 lelosllffl
408 4724 571 4795 indigniora,
584 4726 730 4781 &ibellum
739 4725 838 4796 Mum
849 4725 919 4794 01¹¹ss-
930 4723 1033 4781 fficiltlr
1082 4730 1209 4800 splendor
1223 4742 1251 4789 et
1264 4735 1443 4807 incorruptio,
1459 4754 1521 4794 cum
1530 4740 1630 4796 dicitur
1642 4745 1710 4797 sicut
1724 4743 1785 4809 sol:
1802 4745 1864 4816 agi·

254 4817 337 4873 homo
353 4815 491 4886 subjectus
505 4816 609 4871 homiui
622 4815 743 4883 cbristo,
761 4817 832 4872 uude
850 4816 878 4870 in
898 4816 1008 4873 Psalmo
1023 4834 1031 4871 t
1082 4822 1145 4880 litas
1156 4833 1183 4880 et
1192 4826 1338 4895 subtilitas,
1350 4831 1521 4888 cumdicitur
1533 4850 1541 4887 ε
1553 4832 1589 4888 lit
1597 4837 1867 4906 {taupunmsctuu'ttoe

254 4907 343 4964 Donec
360 4924 456 4979 ponam
475 4908 597 4963 inimicos
617 4918 675 4963 taos
691 4907 833 4963 scabellum
850 4908 946 4980 pedum
973 4917 1033 4964 tao·
1081 4912 1110 4968 iu
1121 4918 1278 4974 arundineto
1290 4922 1448 4980 discurrant.
1464 4925 1534 4981 Sunt
1545 4934 1635 4983 tamen
1648 4930 1758 4999 quihoc
1770 4932 1867 5003 legunt

254 5019 324 5068 lim.
340 5002 368 5058 id
383 5010 427 5058 0⁵¹
438 4999 574 5066 subiectos
588 5000 636 5055 tibi
651 5001 764 5057 bomini.
1081 5006 1116 5062 de
1143 5013 1275 5068 materiali
1300 5015 1427 5073 scintilla.
1445 5015 1549 5075 Dicitur
1574 5021 1656 5077 etiam
1677 5024 1775 5080 unicus
1790 5026 1865 5085 lilius

291 5091 382 5158 Srolo,
397 5093 517 5163 proprie.
535 5091 636 5148 Dicitur
649 5093 799 5150 similitudo
811 5095 901 5161 sealae,
917 5096 1033 5153 trulleia
1064 5146 1066 5152 ι
1082 5102 1188 5169 matris,
1197 5103 1269 5160 unde
1284 5106 1380 5177 legitur
1394 5108 1421 5162 in
1435 5108 1483 5164 lib.
1499 5109 1564 5183 lleg.
1574 5114 1737 5182 quadriduo
1749 5118 1866 5188 loquens

254 5182 377 5243 Genesi:
399 5183 471 5240 Vidit
490 5185 573 5240 Jacob
591 5184 700 5252 scalam
717 5185 745 5242 id
762 5194 804 5243 est
827 5187 1031 5245 similitudinem
1082 5194 1117 5249 ad
1129 5192 1212 5250 Darid
1228 5198 1406 5268 subquodam
1421 5202 1617 5273 paradigmate,
1634 5207 1716 5262 idest
1733 5209 1864 5264 similitu·

252 5279 343 5335 scalae.
359 5278 463 5334 Dicitur
482 5294 550 5335 crux
569 5279 681 5350 Christi,
707 5281 779 5338 unde
795 5282 824 5337 iu
843 5298 925 5356 prosa
942 5303 950 5340 ι
966 5283 1032 5341 lloec
1082 5287 1155 5355 diue,
1168 5289 1261 5346 rolens
1269 5291 1304 5347 ad
1316 5291 1490 5350 Salomonem
1505 5297 1590 5352 Dauid
1605 5300 1792 5367 reconciliare,
1803 5302 1863 5359 ait:

251 5380 293 5426 est
305 5371 377 5428 scala
387 5381 561 5442 moratorum.
1083 5378 1212 5445 Quarum
1224 5385 1389 5457 esttiupttere
1405 5390 1617 5463 scintillamque
1625 5401 1663 5447 est
1678 5395 1771 5449 relicta
1786 5397 1862 5452 milti.

291 5461 398 5529 Soanta,
417 5465 535 5535 proprie,
550 5464 590 5520 rel
603 5481 724 5538 mama.
742 5465 846 5523 Dicitur
863 5470 1032 5528 annuluslo·
1082 5470 1188 5530 Dicitur
1197 5477 1278 5532 etium
1287 5493 1356 5548 opus
1365 5484 1567 5552 trausitorium,
1578 5486 1777 5558 etiaminutile,
1791 5489 1864 5546 unde

256 5551 331 5618 rice,
352 5554 415 5623 quia
429 5554 522 5610 antruli
544 5555 635 5613 luricae
654 5567 834 5615 contexuntur
854 5561 888 5617 ad
904 5562 1033 5619 similitu·
1082 5568 1213 5637 propheta
1226 5587 1233 5625 t
1248 5569 1320 5641 Opus
1333 5586 1452 5631 nostrum
1467 5578 1545 5648 quasi
1556 5579 1683 5634 scintilla.

256 5637 892 5726 dinamaoamarum,lnquasignidcatiuuesape
899 5657 1033 5728 reperitur
1117 5658 1312 5735 Scircproprie.
1328 5665 1409 5723 Notat
1422 5671 1692 5739 respectumbabere,
1710 5672 1781 5729 trade
1792 5672 1866 5743 spc-
