3992 6042
82 274 146 334 ΤΠ
472 268 735 329 uisitttcttdttas
752 268 942 327 otettorttttt
964 267 1092 327 annot.
1110 297 1148 312 -
1164 268 1318 328 but-titt
1489 309 1492 316 .
1672 271 1723 330 778

126 389 321 445 Drcsnedarias
335 386 574 458 propriecamelus
588 385 740 451 cumatius,
757 384 848 441 dictus
863 399 878 437 a
893 385 917 443 b
930 383 1003 440 citur
1022 382 1158 439 obscurus
1174 381 1215 437 rel
1228 397 1283 437 non
1299 380 1489 453 intelligibilis,
1505 383 1578 439 unde
1591 382 1619 437 in
1635 381 1726 440 Evan-

83 484 200 537 dromas
213 478 318 545 Graece,
330 479 404 548 quod
420 478 516 532 latine
532 476 608 531 nelca
618 476 729 532 dieitur.
747 472 818 530 Sunt
828 474 883 529 duo
935 474 1007 545 aelio
1019 492 1026 530 :
1040 472 1131 528 Daras
1144 481 1184 528 est
1196 488 1282 527 sermo
1294 473 1351 540 iiie,
1362 474 1421 544 qais
1437 484 1523 544 potest
1535 490 1595 528 eam
1609 475 1726 531 andire!

87 587 194 644 genera
209 570 375 626 camelorum
389 583 490 623 :urium
505 566 578 638 quod
593 567 739 636 deputatur
751 563 882 620 oneribus
935 561 1041 644 Dicitur
1054 563 1224 629 inflexibilis,
1237 564 1310 619 unde
1325 564 1351 618 iu
1368 563 1454 619 littori.
1474 584 1480 619 :
1502 564 1564 619 Vidi
1579 570 1725 622 cantentio-

87 663 224 729 l'crcndis,
239 671 266 718 et
286 660 359 715 aliud
381 659 473 715 cursui
495 658 637 726 iaciendo,
660 654 733 712 urtde
754 655 884 711 dicuutur
935 671 993 709 nent
1017 664 1091 710 taam
1116 665 1141 712 et
1168 657 1296 712 caricem
1321 666 1396 711 taam
1413 659 1595 715 clarissimam.
1621 658 1728 715 Dicitur

87 753 243 808 dromones
265 764 349 806 nates
371 748 564 815 velocissimae,
579 756 607 802 et
629 745 841 817 hippodromus,
855 742 883 799 id
935 747 1121 818 impossibiie,
1137 749 1211 804 unde
1232 747 1260 802 in
1282 747 1345 803 Act.
1365 756 1455 818 apost.
1473 765 1480 803 ;
1496 748 1601 803 Duram
1621 749 1726 804 esttibi

88 850 137 898 cst
150 840 271 896 circulus
281 853 426 908 equorum3
440 839 512 894 unde
525 838 622 910 legitur
640 836 713 907 quod
725 837 820 891 beatus
834 832 883 890 Se-
935 846 1029 892 cotttra
1044 837 1183 892 stimulant
1198 836 1349 893 calcitrare.

87 935 237 992 oasitanns
257 932 309 989 luit
327 933 434 1003 positus
449 932 476 986 in
491 928 683 1003 hippodromo,
697 927 725 984 id
735 934 778 985 est
788 926 817 984 in
828 921 882 981 lira
973 929 1045 996 Das,
1060 929 1180 1001 proprie,
1191 932 1357 1001 apostolus3
1371 931 1444 987 unde
1459 930 1486 986 in
1501 930 1631 988 Psalmo:
1647 931 1727 988 Prin·

89 1025 183 1097 platea
200 1025 244 1080 ubi
262 1025 325 1094 eqni
343 1022 507 1079 circuibant.
935 1022 1006 1091 cipes
1020 1020 1105 1084 iada,
1133 1021 1213 1077 daces
1236 1038 1349 1088 corant:
1377 1038 1426 1093 per
1449 1023 1587 1093 principes
1611 1023 1681 1080 luda
1697 1032 1727 1081 et

128 1116 234 1183 Dedris,
255 1116 372 1187 proprie.
393 1113 498 1169 Dicitur
512 1111 598 1176 utilis,
613 1112 686 1168 uode
708 1109 793 1165 David
810 1108 884 1176 :eat
935 1111 1059 1168 Zabulon
1070 1110 1287 1183 etNepbtbaiim
1313 1114 1501 1183 intelliguntur
1518 1116 1653 1185 apostoli,
1678 1115 1726 1189 qul

90 1226 196 1265 mecam
208 1209 299 1264 dulces
313 1207 436 1277 capiebas
450 1206 531 1260 cibos.
547 1205 653 1261 Dicitur
674 1186 796 1275 placens,
813 1201 884 1258 unde
935 1202 1053 1260 forsitan
1067 1202 1180 1259 luerunt
1195 1219 1228 1259 ex
1243 1203 1288 1260 his
1303 1205 1448 1272 tribubus;
1463 1214 1490 1261 ct
1504 1206 1549 1260 isti
1564 1217 1629 1261 sunt
1642 1208 1727 1265 duces

90 1302 180 1357 David
198 1321 205 1357 :
220 1301 307 1367 Qannr
323 1299 415 1355 dulcia
430 1297 554 1370 lancibus
567 1298 632 1352 meis
645 1294 749 1367 eloquia
763 1306 820 1350 raa.
836 1292 883 1349 Di·
934 1309 1030 1352 eorum
1052 1295 1100 1364 qui
1121 1295 1150 1350 in
1174 1294 1299 1351 eeclesiis
1321 1294 1487 1352 benedicunt
1507 1296 1602 1352 Deum.
1622 1296 1727 1355 Dicitur

91 1395 167 1449 citur
181 1392 350 1459 misericors,
364 1391 435 1447 unde
450 1389 536 1446 Dauid
554 1387 667 1447 :Dulcis
683 1395 709 1441 et
725 1395 813 1442 rectas
827 1384 883 1439 Da·
935 1393 1033 1442 auctor
1047 1386 1171 1453 erroris,
1192 1386 1266 1441 uude
1281 1388 1310 1442 in
1322 1403 1438 1459 persona
1452 1388 1582 1445 Ecclesia
1596 1391 1635 1446 ait
1651 1391 1702 1446 iob
1717 1407 1725 1447 t

91 1485 194 1539 nrirras.
212 1481 316 1537 Dicitur
330 1495 507 1551 prosporum,
520 1476 592 1534 uttde
603 1475 709 1533 isaias:
726 1473 779 1541 Qui
791 1473 883 1529 dicant
941 1474 1036 1530 Vocem
1046 1492 1122 1531 snam
1133 1475 1291 1532 cohibebant
1305 1478 1399 1544 daces,
1414 1478 1477 1549 quia
1493 1480 1623 1534 nimirum
1641 1481 1728 1535 baere-

90 1574 173 1627 duice
185 1588 306 1626 amaram
316 1581 341 1626 ct
353 1586 476 1625 amarant
487 1568 574 1624 datae
935 1565 982 1622 tici
996 1568 1045 1637 qui
1059 1576 1123 1638 post
1137 1583 1167 1624 se
1184 1580 1310 1625 errantes
1328 1571 1444 1641 populos
1462 1572 1571 1628 trabere
1584 1574 1726 1631 certaban-

130 1664 215 1718 Dniia
229 1665 303 1735 large
317 1672 428 1734 accepta
441 1662 542 1718 dicitur
556 1659 657 1716 cuitus'
666 1658 790 1716 Creatori
804 1658 882 1715 debi·
935 1670 990 1726 tur,
1006 1673 1057 1715 nec
1070 1659 1146 1731 loqui
1158 1676 1232 1716 nune
1243 1677 1372 1732 perversa
1388 1679 1443 1718 non
1456 1664 1569 1730 audent,
1585 1676 1613 1721 et
1627 1676 1727 1726 aucto·

91 1766 140 1814 tus
165 1758 211 1828 qui
233 1757 333 1813 dicitnr
354 1756 437 1811 latria
458 1756 501 1812 vei
528 1753 676 1819 theosebia,
691 1752 718 1808 id
735 1763 777 1809 est
798 1752 885 1823 pietas
900 1750 922 1807 B
936 1750 1027 1835 citatis
1039 1751 1182 1807 frenantur
1194 1754 1315 1824 pondere
1329 1763 1357 1811 et
1368 1756 1603 1812 rationisvirtutc.
1621 1758 1728 1817 Dicitur
1793 1805 1796 1810 ⁴

92 1849 213 1916 Cbristi;
228 1849 299 1904 unde
312 1849 340 1903 iu
354 1847 480 1904 Psalmo:
491 1846 650 1902 Benedictio
663 1843 789 1899 Dominus
801 1843 882 1899 dens.
936 1842 1089 1912 principale
1100 1843 1210 1911 uitium,
1224 1845 1297 1900 unde
1309 1843 1362 1899 lob
1372 1845 1406 1899 de
1420 1855 1517 1901 sancto
1532 1848 1590 1902 tiro
1600 1850 1652 1904 sub
1662 1850 1726 1920 equi

92 1941 278 2006 -Dontinas,
291 1940 358 1996 dicit
372 1938 475 2008 Gloss,
487 1936 647 1993 cnsteterar
660 1936 747 2003 dulia,
758 1934 830 1990 Deus
840 1935 884 1989 rui
935 1932 1119 2002 appellatione
1133 1932 1200 1989 uteie
1214 1950 1222 1986 ι
1237 1932 1338 1988 Procul
1352 1935 1482 1994 odoratur
1500 1935 1614 2006 bellam,
1629 1942 1727 1995 enims.

93 2032 205 2087 debetur
219 2032 313 2088 latria.
328 2030 362 2086 Et
376 2025 505 2087 consistit
517 2029 546 2085 iu
562 2029 697 2093 oratione,
718 2027 746 2081 iu
761 2026 885 2096 eorporis
937 2022 1065 2076 tationem
1083 2022 1199 2090 ducam,
1221 2032 1246 2078 et
1267 2023 1401 2078 ainiatam
1420 2027 1562 2083 exercitas.
1581 2027 1728 2096 aermnae

93 2125 297 2195 prostratione,
312 2123 340 2177 iu
365 2120 572 2193 genuflexione,
589 2119 618 2175 in
630 2117 793 2188 inhiatione,
808 2124 840 2173 ut
856 2114 884 2171 in
936 2110 1011 2166 eninr
1024 2120 1137 2166 sanctus
1151 2127 1205 2182 qua
1224 2112 1304 2168 turba
1327 2114 1503 2184 iniquitatum
1528 2133 1577 2173 cor
1597 2132 1726 2188 proruat,

94 2215 212 2270 decimis
226 2226 254 2268 et
266 2212 407 2284 primitiis,
424 2212 450 2267 io
467 2210 579 2282 speciali
594 2209 759 2275 dilectione,
778 2207 807 2262 in
823 2221 890 2279 spe,
935 2199 1008 2257 uude
1020 2201 1166 2275 sequitur:
1187 2201 1407 2260 Delectationem
1428 2207 1525 2262 ducam
1547 2217 1572 2263 ea
1592 2210 1727 2267 „totamm

94 2305 158 2361 ciali
175 2306 283 2361 timore.
300 2302 390 2360 'lineos
405 2303 478 2359 enim
494 2302 594 2358 dicitur
609 2300 704 2356 timens
717 2298 760 2355 vel
772 2298 884 2367 cidens,
934 2294 1077 2350 sancitas.
1100 2294 1246 2351 Taulantia
1261 2297 1361 2368 quippe
1378 2299 1442 2355 titia
1458 2316 1520 2370 oum
1538 2303 1638 2360 risibili
1653 2321 1724 2377 prae·

94 2406 124 2454 ct
138 2397 289 2454 secundum
305 2397 358 2451 itoc
370 2402 460 2467 potest
474 2392 588 2465 intelligi
619 2411 625 2448 :
935 2386 974 2442 lio
996 2399 1091 2442 contra
1117 2403 1169 2445 nos
1190 2388 1324 2470 militant,
1356 2392 1410 2447 alia
1431 2408 1508 2448 more
1529 2395 1630 2451 ducum
1658 2414 1728 2467 pra·

185 2487 293 2542 Prinas
307 2489 334 2541 in
349 2487 410 2542 orie
423 2487 484 2542 drus
497 2486 558 2557 iecit
575 2485 695 2552 simoni
831 2473 845 2488 '⁴
935 2486 1019 2547 eunt,
1041 2480 1094 2535 alia
1119 2496 1197 2538 more
1224 2483 1360 2540 exercitas
1381 2484 1597 2556 subsequuntur.
1622 2487 1730 2546 Dicitur
1752 2515 1755 2520 ·

95 2579 204 2634 ridetur
227 2586 318 2633 tantan
344 2576 411 2633 velie
436 2576 606 2646 Augustinus
630 2591 637 2630 :
660 2573 756 2629 latria
777 2574 886 2630 debetur
935 2574 1081 2641 Christus,
1097 2576 1170 2630 unde
1190 2576 1218 2631 in
1233 2575 1364 2632 Psalmo:
1382 2576 1493 2634 Heraclii
1510 2580 1605 2636 domas
1620 2584 1676 2637 aaa
1688 2593 1728 2638 est

95 2672 214 2737 canan,
227 2687 278 2725 non
296 2678 398 2723 tantam
417 2670 444 2722 in
458 2684 488 2722 eo
502 2668 573 2739 qnod
585 2676 625 2722 eat
642 2665 731 2731 Deae,
746 2666 792 2723 sed
804 2667 885 2721 etiam
935 2667 1176 2734 eornm3bcrodius
1190 2668 1248 2723 avis
1259 2677 1302 2724 est
1312 2670 1502 2739 rapacissima,
1513 2673 1636 2729 omniunt
1650 2674 1728 2731 rola-

96 2764 164 2818 lneu
175 2762 245 2834 atroci
255 2769 293 2816 est
305 2766 392 2828 tronto,
406 2758 885 2831 restrinaitartarnenadsipniptcan·
935 2758 1025 2814 tilium
1040 2758 1139 2827 major,
1157 2772 1219 2828 quae
1237 2760 1319 2815 etiam
1336 2760 1430 2818 uincit.
1454 2759 1506 2817 Per
1522 2777 1605 2833 quam
1625 2765 1727 2821 inteili-

97 2856 161 2910 dant
173 2855 273 2909 cairam
286 2852 339 2908 Deo
352 2852 468 2908 debitam
478 2851 622 2907 menradum
637 2850 830 2905 inmanitatem
839 2849 886 2921 arri
935 2862 1039 2921 putatur
1050 2865 1164 2920 rapaces
1178 2852 1251 2919 :Jsed
1271 2867 1321 2908 nec
1334 2853 1404 2909 tales
1420 2853 1552 2912 Dominus
1567 2858 1685 2929 descrit;
1700 2871 1728 2919 et

97 2946 221 3000 similiter
231 2945 355 3000 eurisistit
367 2945 394 2999 in
409 2943 555 3015 predictis.
570 2940 670 2998 Stricta
683 2941 784 2997 dieitur
798 2941 885 2997 serti·
936 2947 979 2995 est
993 2953 1091 2994 sertsus
1104 2937 1208 3004 :Quasi
1221 2955 1347 3010 passeres
1358 2941 1538 2998 nidiiicabunt
1550 2945 1577 2999 in
1589 2947 1689 3014 cedris,
1700 2957 1729 3005 et

98 3047 143 3095 tus
164 3053 225 3110 quae
244 3047 350 3092 tautum
375 3037 490 3092 debetur
512 3034 667 3100 rationabili
693 3040 886 3100 creaturae‚ut
936 3045 1032 3086 eorum
1057 3045 1201 3101 passerum
1224 3033 1279 3086 aaa
1308 3042 1346 3087 ert
1376 3033 1470 3088 dantus
1495 3035 1618 3103 bercelli,
1638 3039 1665 3094 iri
1686 3048 1729 3095 cst

97 3131 245 3201 episeopis,
264 3128 385 3200 praelatis
397 3137 425 3183 et
436 3127 508 3193 aliis,
518 3135 547 3181 et
561 3126 711 3181 meandum
723 3126 776 3180 hoe
786 3088 921 3180 dicitnrC
937 3120 1067 3178 Christus
1081 3122 1129 3191 qui
1153 3131 1196 3178 est
1217 3123 1316 3178 domus
1337 3126 1580 3195 rapacissimorum
1596 3130 1629 3185 ad
1648 3131 1728 3187 iidem

97 3221 224 3276 adoaloa
240 3221 312 3290 quod
329 3219 506 3275 estserur'tas.
525 3214 628 3272 staec
646 3225 688 3272 cst
707 3215 787 3286 quasi
809 3214 884 3286 posi·
938 3226 1148 3268 conversorum.
1165 3211 1199 3267 Et
1213 3223 1277 3267 uota
1290 3214 1336 3268 ubi
1352 3230 1404 3270 nos
1423 3216 1556 3272 baitetuus
1575 3221 1668 3275 denras
1683 3222 1730 3276 bc·

100 3311 153 3366 tina
167 3327 248 3382 quiam
262 3310 413 3380 tttajoribus
427 3309 574 3375 debemus,
590 3322 651 3377 quae
661 3306 788 3362 consistit
796 3305 829 3360 in
844 3304 887 3360 di·
937 3304 1030 3372 rodii,
1051 3304 1104 3359 alia
1128 3305 1217 3359 littera
1234 3304 1316 3360 babet
1338 3306 1431 3360 denras
1445 3307 1546 3377 [alica.
1570 3308 1665 3367 fulica
1687 3321 1730 3368 est

99 3403 235 3469 lectione,
260 3402 287 3456 in
304 3401 436 3467 servitiu,
461 3399 488 3454 in
502 3397 657 3458 obedientia
673 3406 701 3452 et
715 3396 886 3468 huiusmodi.
937 3397 997 3452 aris
1018 3412 1080 3467 quae
1104 3396 1132 3452 iu
1158 3397 1238 3468 aquis
1259 3396 1386 3454 habitat:
1403 3399 1431 3453 bi
1448 3408 1513 3455 sunt
1526 3402 1574 3471 qui
1596 3403 1624 3456 in
1642 3404 1728 3474 gratia

99 3492 184 3548 amia
206 3492 248 3548 ael
270 3492 455 3562 comparativa
477 3500 519 3545 est
542 3505 604 3560 qrrae
620 3489 734 3545 debetur
756 3491 886 3563 angelicas
938 3489 1069 3561 baptismi
1082 3491 1233 3558 contiduut,
1250 3505 1369 3561 quornm
1383 3500 1426 3547 est
1440 3493 1540 3549 doricus
1556 3494 1726 3564 baptisrnns;

45 3597 47 3601 ’
99 3594 213 3640 tratura.
225 3582 343 3636 Maxima
354 3582 395 3636 vei
405 3580 571 3652 superlativa
582 3589 626 3636 est
637 3582 821 3651 quaedebetur
833 3582 886 3637 bu·
938 3584 1013 3640 unde
1027 3585 1070 3641 sic
1081 3591 1172 3655 potest
1196 3584 1249 3654 lapi
1271 3584 1329 3638 baec
1350 3583 1461 3638 littera:
1484 3581 1536 3650 Qui
1557 3594 1621 3640 sunt
1636 3586 1728 3655 cebri,

99 3689 186 3732 manae
201 3673 302 3728 Christi
318 3682 433 3727 natura.
938 3678 1064 3748 quisunt
1077 3654 1215 3748 passares,
1228 3677 1267 3732 iiii
1282 3678 1329 3747 qui
1344 3678 1529 3749 baptizantur,
1539 3692 1566 3735 et
1576 3680 1675 3736 borum
1687 3692 1729 3738 est

134 3765 244 3829 Daras,
261 3763 389 3834 proprie,
405 3762 508 3818 dicitur
521 3761 679 3828 horribilis,
691 3762 764 3818 unde
778 3759 885 3819 isaias:
936 3767 1029 3823 inlicta
1052 3768 1162 3833 domus,
1189 3766 1215 3822 ld
1237 3774 1280 3823 est
1307 3768 1471 3838 baptismus,
1497 3771 1544 3839 qai
1572 3781 1614 3826 est
1628 3773 1729 3830 domus

100 3856 139 3913 De
159 3866 230 3910 terra
248 3855 370 3911 lrorriiiii
389 3856 455 3910 nicio
475 3855 545 3910 dara
567 3855 729 3910 antinntiata
750 3856 883 3911 carmini.
936 3865 1171 3929 regeneratorum,
1185 3856 1240 3912 dux
1261 3866 1303 3913 est
1335 3874 1442 3924 corum,
1457 3861 1561 3917 scilicet
1575 3878 1728 3933 passerum,

101 3948 204 4005 Dicitur
215 3949 334 4020 grauiter
343 3949 512 4020 percutiens,
528 3949 601 4005 unde
612 3948 698 4005 isaias
712 3967 720 4002 a
733 3947 766 4003 ln
779 3949 822 4003 die
834 3947 885 4003 ilia
934 3949 963 4005 id
977 3957 1021 4005 est
1043 3947 1273 4019 Christianorum,
1288 3949 1415 4007 videlicet
1428 3951 1462 4007 ad
1479 3953 1564 4010 coeios
1577 3958 1727 4014 ascenden·
1743 3990 1747 3996 -

100 4039 217 4095 visitabit
233 4038 360 4096 Dominae
375 4041 403 4094 in
419 4040 509 4111 eladio
521 4055 570 4097 tao
582 4041 650 4095 aare
663 4048 689 4096 et
706 4040 812 4112 eratali.
834 4037 882 4098 ot·
934 4042 1011 4099 tium.

136 4316 219 4384 iiior,
234 4320 355 4389 proprie,
366 4327 460 4375 castus
471 4318 530 4376 site
542 4319 668 4387 castitas,
683 4320 757 4376 truie
766 4319 794 4375 in
805 4318 884 4375 Psal·
898 4327 921 4382 Ι)
935 4316 1039 4382 tideles,
1054 4317 1147 4374 unde:
1165 4316 1291 4374 Mulieres
1306 4319 1334 4375 in
1346 4322 1465 4378 ecclesiis
1481 4329 1601 4383 taceant.
1622 4324 1728 4386 Dicitur

102 4426 165 4467 mo:
185 4411 295 4482 diarria
322 4420 347 4465 et
360 4423 435 4482 patto
455 4429 471 4467 a
489 4412 610 4468 domitas
625 4412 755 4467 eburneis.
779 4411 884 4467 Dicitur
937 4410 1019 4467 etiam
1032 4419 1183 4466 conventus
1198 4410 1329 4480 iidclium,
1344 4415 1417 4470 unde
1431 4415 1459 4469 in
1475 4415 1585 4484 Psalnm
1601 4438 1608 4474 ε
1624 4420 1657 4475 ln
1673 4439 1727 4477 rne-

103 4503 199 4573 aliuuis
213 4504 247 4558 de
264 4502 404 4559 modernis
417 4502 544 4559 Patribus
558 4502 592 4558 ad
605 4503 796 4558 sustinendum
812 4518 886 4557 mar·
935 4501 1114 4559 aioEcclesia
1125 4501 1241 4557 iaadabo
1256 4513 1299 4570 te:
1315 4505 1398 4561 abbi:
1414 4505 1570 4564 laccciesiir
1583 4511 1728 4570 benedicite

102 4597 198 4666 tyrium
211 4609 325 4666 paratas
335 4596 376 4651 vei
388 4597 520 4669 martyrio
529 4594 683 4665 expositus,
695 4596 768 4651 unde
777 4595 811 4650 de
822 4609 887 4665 prea-
934 4594 1061 4651 Domino.
1079 4593 1185 4650 Dicitur
1199 4605 1351 4652 contentas
1363 4602 1510 4666 urniorum,
1528 4605 1599 4657 ttrrde
1614 4603 1699 4663 David
1717 4625 1725 4664 :

102 4686 267 4743 dictatoribus
285 4686 353 4743 Novi
373 4685 540 4743 Testamenti
566 4685 666 4764 iegitur
692 4686 719 4740 iu
745 4684 884 4741 lineriis:
939 4687 1018 4744 oatnt
1029 4686 1167 4743 ecclesiam
1183 4688 1400 4760 ntaiipnontiam.
1417 4692 1522 4750 Dicitur
1540 4699 1668 4765 prelatus
1682 4718 1728 4758 ec·

103 4775 307 4833 ilabicsndinres
330 4779 406 4834 ebore
429 4780 550 4850 antiqno,
566 4777 632 4848 quia
651 4777 738 4848 magis
750 4777 837 4847 parati
851 4775 886 4831 ad
936 4779 1037 4844 alesin,
1050 4780 1122 4835 unde
1137 4780 1164 4835 in
1176 4779 1343 4854 Evangelio:
1359 4782 1395 4839 tit
1407 4786 1431 4840 si
1444 4788 1483 4841 ric
1494 4804 1546 4843 non
1558 4793 1725 4862 acquieverit,

104 4868 310 4937 nrartyriomval
318 4871 433 4941 expositi
442 4869 884 4944 martyrioquumantiquipatres.
936 4872 980 4926 dic
992 4872 1163 4938 ecetesiam
1174 4883 1217 4928 est
1229 4875 1341 4944 praelato
1352 4877 1396 4933 rei
1411 4881 1559 4949 superiori,
1575 4895 1629 4938 etc.

112 4958 193 5014 'Ecce
205 4961 368 5031 ouatrdoque
382 4961 885 5029 trouteridentiammtbie:Eceeenim
971 4962 1128 5032 Effandere,
1140 4965 1262 5035 proprie.
1276 4965 1359 5024 Notat
1371 4970 1459 5027 illium
1473 4973 1601 5040 luxuriae,
1615 4976 1687 5030 unde
1697 4977 1725 5030 in

104 5070 134 5109 ec
146 5053 204 5107 noc.
218 5051 388 5126 erartdoque
400 5064 475 5116 notat
486 5055 707 5121 admirationem,
721 5062 751 5110 ut
760 5054 787 5108 in
797 5052 885 5108 Etan-
935 5056 1173 5114 benedictionibus
1182 5056 1393 5132 lacobsliaicn,
1404 5065 1506 5135 effusas
1516 5083 1544 5122 es
1559 5068 1628 5122 sicat
1644 5085 1725 5140 euna:
1776 5135 1780 5142 ι

104 5147 171 5217 aelio
186 5163 193 5199 :
207 5144 275 5200 Ecce
289 5145 385 5200 mulier
398 5146 551 5205 Claternae
563 5165 579 5202 a
592 5147 689 5218 finitas
703 5148 785 5219 raoni.
800 5147 885 5202 ioart·
936 5147 1011 5203 sicut
1030 5146 1104 5202 enirn
1126 5162 1197 5219 aqua
1217 5151 1308 5207 viliter
1325 5153 1484 5223 cilunditur,
1499 5156 1536 5212 ita
1550 5166 1578 5213 tu
1592 5166 1665 5215 totus
1679 5163 1725 5217 vili

105 5251 150 5290 nes
163 5235 375 5306 chrysostomus
387 5237 452 5295 dicit
465 5240 659 5312 evangelistam
676 5239 778 5317 dixisse
795 5237 884 5293 aduri·
936 5238 1050 5295 libidine
1063 5238 1164 5308 effnsas
1180 5256 1218 5309 es,
1232 5244 1296 5313 qnia
1311 5246 1456 5302 ascendisti
1473 5247 1558 5302 cubile
1571 5252 1658 5319 patris
1673 5254 1723 5308 tui.

105 5338 204 5383 nantem
219 5345 226 5381 ε
244 5326 404 5399 licceqrtarn
425 5332 541 5387 inirem!
555 5332 725 5403 Quandoque
739 5331 885 5387 excitatio·
930 5327 1018 5385 Notat
1026 5331 1266 5401 parturire,unde
1277 5335 1305 5390 in
1315 5334 1478 5393 Praiatioue
1489 5336 1576 5396 beata
1588 5339 1723 5412 Virginis:

105 5435 179 5483 nem,
196 5420 267 5474 uude
281 5418 388 5474 isaias:
406 5418 473 5474 Ecce
488 5421 560 5492 uiroc
581 5423 721 5492 concipiet.
743 5422 884 5493 Scriptura
937 5422 1010 5479 Huic
1024 5423 1122 5477 nutnda
1139 5423 1228 5480 iernen
1242 5436 1369 5483 eternam
1384 5428 1479 5498 effudit
1489 5472 1498 5499 ,
1510 5432 1537 5486 id
1552 5443 1594 5488 est
1606 5436 1723 5503 parturi·

104 5511 193 5576 etiam
203 5520 232 5565 ut
242 5512 280 5566 ait
290 5510 433 5576 ieremias,
444 5526 541 5568 omnes
553 5514 655 5569 excitat
667 5515 774 5586 quasia
786 5529 884 5571 somno
935 5515 975 5570 ait
988 5512 1082 5570 lesum
1094 5514 1247 5573 Christum.
1263 5517 1345 5574 Notat
1356 5520 1456 5576 divinae
1469 5522 1597 5580 uindictae
1607 5525 1724 5581 inunda-

105 5606 193 5661 sudire
209 5603 363 5675 prodigium
379 5620 386 5658 :
403 5601 471 5657 licre
484 5605 557 5674 sirac
571 5608 708 5677 cottcipiet.
936 5609 1059 5674 tionem,
1073 5607 1146 5663 uude
1158 5607 1241 5665 David
1258 5628 1265 5665 :
1281 5610 1397 5681 Effunde
1410 5612 1478 5668 iram
1496 5623 1569 5670 taam
1581 5618 1609 5671 in
1623 5628 1722 5689 pentes,

137 5691 254 5750 Ecclesia
269 5700 311 5749 est
326 5692 475 5748 materialis
486 5692 565 5752 locus
580 5695 608 5751 iu
620 5712 701 5767 quem
717 5699 885 5758 conueniant
935 5716 995 5770 qne
1008 5709 1032 5758 te
1045 5714 1098 5756 non
1114 5709 1260 5773 noeerattt,
1276 5711 1329 5763 etc.
1343 5703 1425 5762 Notat
1437 5705 1564 5764 ardorem
1579 5709 1723 5766 eharitatis

256 5788 391 5851 Parnon.
410 5785 499 5849 CCX·
1545 5797 1586 5864 it
