3992 6042
257 196 308 264 tsi

256 321 314 378 illic
323 319 402 392 uirgo
411 318 486 377 ridet
495 332 558 390 qua
576 318 807 387 necteremus,
822 332 922 377 cursam

252 411 341 479 Solis,
355 419 385 468 et
397 411 471 467 unde
484 408 527 465 sni
541 417 633 465 sumat
648 407 769 466 fomenta
783 410 918 482 rigoris⁸⁸

258 500 396 559 Erbersm
410 497 479 558 lucis
492 501 608 570 genitor,
620 498 694 566 foas,
709 513 815 570 pastor,
826 501 913 573 origo.

258 593 381 664 Qualiter
395 593 422 648 iu
437 591 524 648 stellis
537 606 654 661 regnans
669 598 834 661 arctansque
847 592 970 664 planetas

254 683 376 756 lmperio
388 682 491 740 seruire
503 697 567 749 suo,
579 696 651 738 nuuc
665 690 738 737 stare
752 689 875 738 meantes

256 771 347 841 Cogit,
362 785 436 827 nuuc
448 770 569 827 tumidos
582 770 682 826 sectari
695 770 773 825 deria
793 769 851 826 sols

259 863 398 937 Maiestate
406 862 495 933 jubet,
507 878 581 920 nunc
594 861 719 918 libertate
730 861 840 918 meandi

258 954 396 1012 Concessa
411 963 503 1011 motus
524 953 613 1009 reddit
624 968 675 1010 sna
684 953 747 1023 jura
758 953 886 1024 planetis.

258 1046 382 1116 Qualiter
396 1047 535 1102 alternans
552 1045 645 1101 vultus
656 1047 744 1102 aetatis
757 1044 784 1100 iu
796 1055 858 1102 ortu

257 1139 303 1196 Tit
314 1154 391 1211 puer,
405 1138 489 1210 inque
502 1136 547 1192 die
560 1136 650 1193 medio
666 1136 819 1208 iuvenescit
832 1137 952 1208 adultus,

257 1231 442 1303 ilentitnrque
460 1231 549 1288 risum
564 1230 686 1302 tandem,
701 1239 830 1303 totusque
841 1235 960 1292 senescit

257 1326 340 1401 m
358 1325 492 1398 lespere;
507 1326 648 1383 siccariae
662 1326 767 1398 species
786 1329 876 1386 etatls
890 1329 924 1386 ad
944 1329 1040 1389 inuram

259 1419 308 1474 Sol
327 1416 440 1489 profert,
455 1431 582 1488 unusque
602 1415 661 1472 dies
684 1418 874 1488 complectitur
888 1433 987 1477 aarum.

257 1508 318 1568 lam
332 1511 405 1567 lunae
417 1509 537 1567 sonitum
554 1508 659 1565 fastidit
673 1509 789 1582 uirginis
803 1510 891 1579 auris,

258 1601 347 1670 Quam
361 1600 449 1659 dulcis
461 1601 614 1673 meliorque
627 1617 713 1659 sunus
725 1602 832 1660 seducit
844 1602 970 1662 inescans

259 1694 373 1761 Aurem,
394 1708 445 1749 nec
460 1701 558 1751 cantus
576 1708 725 1751 memorem
740 1694 806 1752 sinit
817 1710 879 1754 esse
895 1695 1005 1768 prioris.

259 1784 338 1842 linnc
352 1794 462 1842 cantum
482 1782 585 1856 syrena
601 1785 682 1856 parit,
697 1802 759 1858 quae
773 1786 841 1844 solis
853 1786 973 1846 adlraeret

258 1877 388 1944 Nutibus,
404 1876 537 1934 citbaram
556 1878 632 1934 uocis
646 1878 761 1935 dulcore
774 1877 888 1936 fatetur.

260 1969 319 2028 Vos
331 1970 422 2026 omnis
434 1969 550 2026 miratur
562 1985 634 2036 eam,
646 1980 794 2028 ueneratur
807 1973 936 2039 adorans,

260 2061 410 2134 Totiusque
424 2077 510 2119 sonus
524 2062 637 2119 citharae
654 2066 777 2135 suspirat
789 2065 824 2122 ad
841 2065 926 2122 illam.

259 2155 407 2227 Egredicns
421 2156 488 2213 solis
502 2171 617 2228 regnum
631 2165 751 2213 maturat
768 2158 796 2214 in
815 2158 902 2215 altum

260 2247 376 2305 Gressus
388 2248 465 2317 virgo
479 2262 555 2316 suos,
569 2248 618 2305 sed
632 2264 758 2320 gressum
774 2250 906 2321 praepedit
920 2250 978 2322 ipsa

260 2339 367 2398 limitis
378 2338 519 2396 anfractus
532 2355 643 2411 anceps,
656 2342 804 2414 multaeque
816 2341 922 2397 riarum

259 2431 407 2503 Ambages,
419 2431 528 2487 tandem
548 2440 677 2501 superato
691 2434 760 2489 calle
770 2433 804 2501 ⁸⁸,
818 2432 922 2489 laboris

260 2523 394 2593 Pondere,
411 2525 524 2581 canule
534 2525 637 2589 studio,
652 2526 763 2597 regione
775 2526 890 2597 potitur,

260 2615 320 2684 era
332 2615 425 2673 Venus
436 2625 465 2673 et
481 2615 748 2688 Stilbouzcompleais
761 2617 878 2674 nexibus
892 2616 1007 2673 haerent.

259 2710 318 2766 lllic
330 2722 484 2782 maenum
498 2709 564 2766 solis
575 2724 718 2781 prmcoque
739 2709 793 2766 diei

261 2800 370 2858 Lucifer
380 2801 512 2869 exsultat,
526 2801 607 2858 terris
621 2802 718 2859 solatia
732 2800 802 2857 lucis

259 2890 433 2965 Prasignans
444 2900 560 2964 ortoque
575 2908 626 2950 suo
642 2893 769 2965 praeludit
782 2891 816 2950 ad
830 2899 921 2949 ortum

257 2983 344 3051 Solis,
358 2992 386 3041 et
396 2998 526 3041 auroram
540 2984 652 3057 proprio
663 2983 787 3057 pradicit
806 2983 833 3040 in
849 2992 922 3041 ortu.

260 3077 406 3135 Gressibus
419 3076 463 3134 lris
481 3075 588 3134 Stilbon
600 3093 693 3135 comes
707 3076 841 3134 indiuisus
853 3075 983 3138 adhaeret,

261 3168 402 3241 Tanquam
414 3185 499 3228 uerna
513 3170 557 3226 sui
568 3170 703 3228 comitans
715 3169 830 3241 uestigia
846 3169 926 3235 solis,

260 3260 464 3333 obnubensque
477 3276 573 3319 comas
585 3261 670 3318 radiis
684 3261 830 3327 solaribus,
845 3260 922 3332 ignes

261 3350 415 3424 Temperat,
428 3361 457 3411 et
469 3352 535 3409 solis
549 3351 693 3409 obnubilat
706 3360 780 3407 astra
794 3351 897 3421 galero.

261 3445 428 3515 Spbaeraque
440 3442 559 3499 Luciferi
571 3450 648 3498 motu
660 3441 739 3508 levis,
757 3441 833 3497 ocior
852 3452 930 3505 aura,

260 3535 336 3589 llotn
350 3532 509 3603 pmturiens
524 3532 658 3597 sonitum,
673 3528 780 3585 lasciuit
794 3535 875 3585 acuta

261 3625 345 3690 Voce,
361 3640 412 3681 nee
426 3625 455 3679 iu
473 3624 581 3678 citlrara
595 3621 711 3678 Veneris
724 3619 828 3691 plebeia
845 3625 957 3689 putatur

260 3716 349 3782 llusa,
362 3715 410 3773 sed
427 3714 537 3771 auditus
552 3729 697 3772 assensum
709 3712 773 3784 iure
788 3720 920 3769 meretur.

264 3805 338 3862 Tace
352 3804 422 3877 pari,
435 3804 575 3877 similique
586 3803 679 3870 modo,
691 3810 827 3875 cantuque
837 3800 989 3874 propinquo

261 3893 389 3951 Nercurii
403 3892 507 3966 Syrena
522 3892 607 3960 canit,
623 3890 789 3963 Venerisque
801 3905 955 3947 cammnam

261 3984 369 4054 Reddit,
380 3996 407 4041 et
421 3999 455 4041 ex
469 3998 549 4056 aequo
563 3984 654 4040 sonitu
667 3983 812 4039 citharizat
825 3981 925 4040 amico.

553 4095 668 4152 CAPUT
693 4094 749 4151 vti.

259 4189 398 4247 Palatium
411 4188 510 4244 ffarlis
530 4187 695 4243 describitur.
705 4186 778 4242 louis
789 4186 861 4257 cepio
874 4184 1040 4242 describitur.

479 4257 564 4315 Stella
577 4258 663 4326 louis,
679 4258 747 4312 bona
761 4265 810 4313 est.

261 4351 438 4425 Progreditur
451 4351 597 4424 phronesis
610 4350 749 4406 flammata
759 4347 860 4425 palatia
874 4346 970 4405 Martis

197 4466 200 4473 ’
261 4444 427 4517 ingrediens,
439 4451 531 4515 stupet
542 4442 672 4509 insultus,
687 4442 797 4512 irasque
813 4439 924 4508 caloris,

260 4538 347 4606 Quaem
357 4537 430 4609 parit
444 4537 489 4593 ille
503 4537 591 4604 locus,
603 4535 653 4607 qui
665 4543 739 4591 totus
755 4533 782 4589 iu
798 4532 861 4605 igue
872 4547 1006 4604 vaporans

260 4628 304 4685 Nil
315 4628 390 4685 norit
402 4629 457 4685 nisi
471 4627 591 4686 fervores
606 4627 732 4700 ignisque
748 4624 891 4697 procellas.

260 4723 320 4779 Nou
339 4723 377 4780 lbi
391 4723 466 4795 luget
481 4722 580 4791 biems,
594 4737 650 4778 uon
664 4719 737 4777 ueris
751 4717 838 4791 gratia
856 4717 935 4785 ridet,

258 4813 320 4871 Non
334 4821 422 4870 tumet
436 4821 596 4878 autumnus,
611 4811 659 4868 sed
674 4817 780 4866 tantum
793 4807 919 4864 fulminat
930 4815 1021 4863 astas.

260 4906 379 4978 imperat
391 4904 438 4961 iric
451 4901 523 4961 biars
538 4904 602 4977 igue
616 4902 727 4969 calens,
743 4898 877 4957 fecundus
893 4898 921 4954 in
936 4897 987 4965 ira,

261 4998 333 5055 Bella
345 5011 451 5062 serens,
468 4993 565 5053 sitiens
578 4994 652 5062 lites,
670 4991 812 5064 nostrique
829 4990 918 5047 sititor

261 5085 419 5158 Sanguinis,
432 5083 574 5142 excutiens
587 5097 694 5155 pacem,
713 5080 856 5154 ludusque
868 5077 1002 5136 redicens.

260 5175 312 5244 Qui
324 5177 400 5249 requi
414 5177 516 5235 uiolare
528 5174 620 5244 fldem,
632 5183 739 5231 mutare
749 5181 875 5246 potentes

261 5267 376 5337 Gaudet,
387 5270 552 5326 flammantis
564 5266 678 5324 restitus
692 5267 769 5325 crine
778 5275 905 5335 comctae;

261 5358 314 5426 Qui
327 5368 407 5432 parat
420 5376 496 5419 arma
509 5359 588 5419 uiris.
603 5360 677 5432 cogit
690 5373 801 5429 sperare
813 5357 944 5422 furentes,

891 202 994 261 MN!
1013 200 1060 260 DS
1077 202 1209 262 luwus

1055 326 1079 384 Α
1094 318 1218 376 Seminat
1234 316 1366 386 insultes,
1381 319 1453 389 parit
1469 316 1750 384 inmitationem.

1091 408 1162 477 Quid
1174 415 1251 479 gerat
1269 407 1395 477 interius,
1410 406 1494 465 facies
1508 408 1588 464 docet
1599 407 1773 479 ipsaruboro

1091 498 1226 557 Praedicat
1238 500 1340 556 interni
1357 500 1462 556 rabiem
1476 508 1637 571 pestemque
1654 498 1768 556 turmis

1092 592 1167 649 Tabe
1184 608 1236 650 sua
1248 593 1326 649 ritiat
1341 594 1480 661 comitem,
1495 593 1658 664 sociumque
1672 593 1811 665 punctam

1093 682 1141 739 Vel
1152 699 1253 740 mum
1268 683 1364 741 saevire
1384 682 1482 754 magis,
1500 683 1542 739 rel
1558 681 1628 739 lorte
1639 682 1787 754 benignum

1092 771 1218 845 Nequitia
1229 773 1309 830 docet
1318 786 1380 830 esse
1391 782 1507 838 trucem,
1515 760 1641 844 laeditque
1651 787 1765 830 renum.

1092 860 1178 933 Culus
1191 862 1297 933 spbaera
1308 878 1392 920 ruens
1402 861 1532 921 merentis
1548 878 1636 930 more,
1648 865 1771 923 tonando

1093 952 1209 1021 Clamat,
1220 963 1248 1010 et
1258 954 1406 1027 altiloquos
1419 961 1531 1012 resonat
1542 953 1664 1013 clamore
1676 956 1786 1015 boams.

1092 1044 1174 1120 305
1186 1047 1275 1104 atum
1288 1048 1422 1105 exclamat
1432 1047 1545 1121 reliquis
1558 1047 1662 1121 Surena
1675 1051 1800 1111 tonantis

1093 1140 1205 1209 llanb,
1222 1142 1270 1198 sed
1286 1151 1385 1199 cautus
1399 1141 1516 1200 dulcedo
1530 1141 1679 1198 remittitur
1693 1143 1755 1215 ipsa

1094 1230 1265 1303 Tempestate
1277 1232 1338 1288 soni
1350 1233 1493 1306 languens,
1502 1231 1655 1304 minuitque
1665 1231 1787 1290 fauorem

1093 1319 1251 1394 Asperitas,
1265 1323 1395 1395 uocisque
1410 1324 1494 1396 rigor,
1509 1321 1564 1380 fert
1576 1321 1676 1380 damna
1692 1322 1790 1382 fauori.

1093 1410 1196 1485 Etiam
1210 1414 1359 1472 lemniacos
1374 1417 1493 1474 uomitus
1506 1415 1632 1490 ignisque
1646 1430 1762 1488 vapores

1094 1503 1239 1580 Virgineus
1250 1507 1327 1563 labor
1339 1506 1443 1574 eradit,
1456 1522 1508 1565 nec
1522 1506 1632 1565 famma
1650 1508 1768 1564 viantem

1094 1596 1369 1670 contigit,aute1us
1384 1613 1451 1655 ausa
1466 1608 1511 1657 est
1520 1598 1680 1672 contirrgcre
1691 1598 1807 1656 crinem

1060 1684 1082 1746 tt
1095 1691 1173 1748 Tunc
1183 1688 1260 1746 louis
1272 1690 1406 1748 innocuos
1420 1691 1514 1763 ignes,
1529 1692 1653 1763 lucisque
1666 1705 1770 1748 serene

1094 1781 1244 1846 laetitiam,
1258 1781 1386 1852 risusque
1399 1782 1454 1853 poli
1468 1791 1605 1853 pertentat
1618 1781 1719 1838 eundo.

1093 1868 1157 1926 flac
1169 1869 1246 1942 regio
1259 1870 1344 1926 stellae
1356 1867 1470 1926 lovialis
1485 1869 1608 1942 lampade
1622 1878 1678 1925 tota

1094 1956 1240 2031 Splendet,
1255 1969 1284 2017 et
1294 1968 1397 2017 aterno
1413 1960 1522 2018 laetatur
1534 1976 1597 2018 rere
1608 1961 1698 2019 beata.

1093 2049 1143 2108 llic
1152 2050 1230 2108 sidus
1243 2051 1348 2108 loriale
1360 2051 1460 2118 micat,
1475 2051 1762 2123 mundoquesalutem

1093 2138 1220 2208 Nuntiat,
1236 2149 1264 2197 et
1277 2139 1371 2198 blaesis
1386 2141 1456 2197 iram
1471 2139 1619 2214 Martisque
1640 2141 1761 2199 furorem

1094 2233 1186 2299 Sistit,
1202 2242 1228 2290 et
1240 2234 1360 2290 occurris
1374 2234 1520 2305 tranquilla
1540 2250 1608 2308 pace
1621 2234 1732 2292 furenti.

1093 2322 1144 2380 Cui
1159 2324 1182 2380 si
1198 2326 1275 2381 stella
1296 2325 1362 2381 mali
1377 2327 1542 2395 prenuntia,
1557 2327 1656 2398 praevia
1669 2342 1752 2385 casus

1092 2413 1237 2489 lungitur;
1252 2417 1297 2472 ille
1313 2424 1402 2473 tauron
1418 2417 1561 2474 inimicum
1577 2418 1652 2474 sidus
1666 2419 1783 2485 amicat,

1093 2506 1292 2579 Alteruansque
1305 2523 1379 2564 rroes
1392 2509 1507 2589 inrisus
1522 2509 1610 2566 tristia
1625 2511 1764 2582 planctum

1094 2599 1122 2655 ln
1136 2600 1266 2671 plausus,
1285 2600 1419 2671 fetusque
1432 2617 1533 2674 graues
1549 2601 1578 2658 iu
1592 2603 1690 2675 gaudia
1704 2612 1803 2660 mutat.

1095 2692 1144 2749 Vel
1157 2694 1182 2751 si
1195 2692 1267 2750 forte
1280 2693 1340 2752 lovi
1354 2704 1475 2753 sectetur
1490 2697 1567 2753 stella
1586 2696 1683 2754 salutis

1093 2784 1203 2855 Nomia,
1221 2787 1298 2843 stella
1313 2786 1389 2843 loris
1400 2788 1476 2844 vultu
1492 2789 1605 2844 meliore
1616 2790 1732 2846 salutem

1093 2876 1195 2950 Auget,
1210 2888 1237 2935 et
1248 2886 1361 2935 euentus
1376 2879 1498 2936 melioris
1510 2879 1630 2951 duplicat
1643 2896 1740 2950 omen,

1093 2965 1194 3024 deus
1206 2982 1319 3032 amans,
1331 2969 1460 3040 pacisque
1474 2977 1549 3025 satur
1562 2970 1679 3026 nutritor
1693 2968 1795 3029 amoris
1809 3010 1818 3037 ,

1095 3058 1255 3131 Exstirpatis
1273 3058 1346 3124 iras,
1361 3059 1538 3131 proscribens
1549 3060 1637 3129 bella,
1650 3060 1757 3118 furores

1095 3151 1293 3220 compescens,
1307 3150 1401 3207 delens
1411 3151 1490 3219 lites,
1505 3150 1674 3224 Martemque
1685 3150 1837 3209 refrenans.

1094 3238 1148 3306 Qui
1161 3247 1236 3295 motu
1250 3255 1384 3312 generans
1396 3242 1517 3298 sonitum
1530 3259 1585 3300 nou
1604 3244 1728 3299 uerberat
1742 3258 1838 3301 auram

1094 3330 1243 3400 Cautibus,
1255 3343 1282 3390 et
1295 3334 1401 3391 dulcem
1415 3336 1589 3407 philomelam
1604 3337 1692 3393 reddit
1707 3354 1851 3396 amoerraus

1094 3422 1172 3480 llusa
1186 3422 1281 3495 loris,
1295 3436 1425 3500 tantoque
1437 3429 1497 3485 suni
1509 3428 1616 3486 laetstur
1628 3429 1739 3485 alumno
1824 3484 1828 3491 ,

1093 3513 1214 3585 iluslca,
1228 3517 1274 3589 qui
1288 3523 1405 3593 propriae
1419 3520 1563 3577 thesauros
1578 3529 1689 3593 aggerat
1703 3518 1782 3577 artis.

1390 3629 1504 3689 CAPUT
1524 3629 1592 3688 vtll.

1094 3716 1206 3776 &torui
1220 3719 1330 3794 Splroerc
1351 3720 1521 3782 describitur.
1545 3720 1630 3776 Turde
1643 3730 1769 3778 moretm.
1785 3719 1872 3779 sulla

1371 3793 1482 3850 Saturni
1504 3791 1586 3848 mola.

1093 3880 1213 3940 Ulterius
1227 3899 1372 3957 progressa
1389 3898 1455 3941 suos
1467 3884 1613 3956 prudentia
1628 3898 1740 3958 gressus

1093 3971 1189 4044 Dirigit
1205 3975 1239 4030 ad
1256 3988 1388 4045 superos,
1402 3988 1536 4046 superans
1550 3974 1627 4032 louis
1640 3977 1709 4033 atrla
1725 3986 1825 4042 ctrmu,

1093 4064 1258 4136 Saturnique
1270 4065 1385 4132 domos,
1400 4073 1489 4122 tractu
1510 4067 1615 4138 maiore
1625 4068 1748 4139 jacentes

1092 4154 1217 4213 innatet
1230 4157 1336 4230 algores
1348 4157 1446 4215 hiemis
1462 4159 1620 4232 brumaeque
1633 4161 1748 4233 pruinas

1092 4244 1189 4303 ilorret
1200 4255 1227 4303 et
1242 4248 1368 4319 ignavum
1383 4247 1469 4320 frigus
1481 4248 1596 4306 miratur
1603 4251 1638 4316 ju
1650 4263 1729 4307 astu.

1053 4338 1149 4417 „illic
1162 4338 1246 4396 feruet
1262 4339 1370 4408 biems,
1387 4350 1468 4397 aestas
1483 4342 1613 4415 algescit,
1627 4348 1654 4399 et
1666 4352 1749 4401 aestus

1056 4466 1058 4473 .
1091 4429 1197 4503 Triget,
1214 4431 1312 4488 delirat
1325 4431 1453 4504 splendor
1469 4433 1535 4489 dum
1554 4432 1662 4491 damma
1676 4430 1800 4506 tepescit.

1091 4523 1141 4582 Nic
1153 4525 1274 4583 tenebre
1285 4525 1395 4595 lucent,
1410 4527 1455 4584 bic
1469 4527 1517 4583 lux
1530 4527 1708 4593 tenebrescit,
1720 4534 1748 4583 et
1760 4526 1818 4585 illic

1089 4616 1149 4673 Nox
1162 4633 1224 4674 cum
1239 4618 1301 4675 luce
1317 4619 1406 4691 riget,
1418 4627 1445 4674 et
1457 4619 1504 4674 lux
1517 4633 1580 4675 cum
1594 4626 1674 4674 noete
1690 4615 1797 4674 diescit.

1089 4708 1146 4766 illic
1162 4708 1297 4767 Saturnus
1309 4709 1426 4782 spatium
1442 4709 1576 4781 percurrit
1587 4723 1671 4766 avaro

1089 4801 1180 4869 llotu,
1194 4814 1393 4873 progressuque
1406 4802 1498 4874 gravi,
1511 4801 1646 4875 longaque
1657 4800 1730 4858 dieta
1736 4801 1771 4858 ⁸⁰.

1092 4891 1141 4948 llic
1153 4892 1245 4964 algore
1259 4907 1310 4948 suo
1322 4892 1460 4964 praedatur
1475 4893 1573 4965 gaudia
1587 4894 1675 4963 ueris,

1018 5005 1020 5009 ¹
1089 4982 1262 5053 furaturque
1274 4982 1358 5038 decus
1371 4983 1474 5054 pratis,
1490 4992 1517 5041 et
1530 4984 1619 5041 sidera
1631 4984 1744 5053 florum,

1092 5075 1265 5146 algescitque
1276 5074 1383 5142 calens,
1397 5074 1500 5146 frigens
1511 5075 1655 5145 fervescit,
1671 5076 1786 5133 inundat

1092 5167 1210 5237 Aridus,
1227 5168 1361 5226 obscurus
1376 5167 1465 5238 lucet,
1476 5168 1640 5241 juvenisque
1651 5170 1777 5228 senescis.

1091 5260 1150 5321 Nee
1160 5272 1250 5320 tamen
1265 5278 1281 5319 a
1294 5272 1376 5320 cautu
1390 5276 1475 5319 sonus
1488 5262 1548 5335 ejus
1559 5263 1676 5335 degener
1688 5269 1777 5327 errat,

1092 5353 1144 5412 Sed
1155 5357 1286 5414 comitum
1299 5370 1381 5415 rocos
1396 5370 1449 5414 uox
1466 5355 1597 5427 prevenit
1610 5354 1693 5429 buius
1707 5353 1814 5412 sdubo.

906 5508 1024 5566 rame
1040 5472 1240 5571 ascalonus.

245 5676 256 5705 ‚
296 5608 579 5700 “Nesmeimis
598 5612 639 5691 ῤ’
658 5611 737 5669 colle.
774 5609 826 5668 ”A
840 5606 1035 5669 lfr..serccta.
