3992 6042
220 258 276 318 ror
327 232 330 237 ’
889 269 994 326 uuum
1018 270 1064 327 ns
1089 271 1224 332 msuurs

221 373 317 442 llives,
341 385 370 432 et
384 375 411 432 in
433 377 542 436 lartdem
558 390 659 451 spiret,
683 391 822 457 tentetque
835 385 958 444 favorem
1022 397 1043 452 Α

220 464 336 524 llunero
361 467 481 536 lucrari,
496 480 586 527 tamen
602 473 685 545 buius
704 479 825 533 nruneris
848 479 871 512 ’1
894 489 1006 548 auctor,

221 557 329 616 Ductor
343 568 370 618 et
386 561 481 634 auriga
496 563 550 619 nisi
566 564 602 620 sit
617 566 759 635 discretio,
774 570 867 627 nullus

219 650 304 723 309
318 649 435 708 Fructus
450 653 512 721 erit,
531 656 663 726 quoniam
680 656 788 717 laudem
801 676 855 717 non
870 662 941 718 dona
954 678 1009 720 mo

866 762 962 810 rentur

221 826 274 887 Sed
292 831 385 902 potius
405 845 565 892 mereantur
583 853 655 906 eam,
671 839 726 897 nisi
742 841 812 898 lacta
826 750 971 900 de[center'

219 922 342 979 lliscrete
356 922 468 994 luerint,
487 941 538 997 pro
555 944 670 985 munere
680 947 799 1003 namque
814 933 972 1005 frequenter

219 1010 294 1070 Laus
307 1013 389 1070 datur
402 1016 555 1088 hypocrita,
571 1019 651 1075 tama
668 1023 809 1080 simulatio
826 1024 914 1094 laisa,

220 1100 306 1159 sumta
319 1103 419 1170 laudis,
436 1106 534 1162 borum
550 1110 704 1167 umbratilis
719 1113 815 1169 umbra
827 1113 941 1172 favoris.

254 1192 325 1252 Eece
348 1195 433 1253 babes
446 1200 586 1267 quomodo
601 1204 703 1259 tenacis
717 1206 838 1262 avaritiae
847 1208 941 1264 viscus
955 1210 1008 1266 bu·

218 1299 307 1342 manaa
321 1287 422 1343 mentis
432 1288 484 1345 alis
498 1290 605 1347 auferat
617 1292 782 1351 libertatem.

447 1409 449 1413 ·
498 1387 539 1444 De
550 1394 715 1464 arrogantia.

1794 283 1852 342 108

1059 417 1321 487 supinant,bracbia
1334 420 1361 476 in
1376 435 1457 477 arcus
1468 420 1633 491 exemplant.
1648 417 1751 476 llorum
1762 422 1847 478 etiam

1058 509 1141 579 pedes
1164 496 1264 567 terram
1289 514 1348 569 sola
1366 513 1544 570 articulorum
1571 514 1761 569 contractione
1775 514 1846 587 deli-

1058 600 1133 657 bant.
1149 602 1202 657 Alii
1218 618 1284 658 vero
1303 618 1353 659 sua
1373 619 1491 675 corpora
1514 603 1642 659 femineis
1663 604 1847 676 compositio·

1058 682 1140 746 nibus
1163 692 1247 749 nimis
1272 692 1451 760 effeminant,
1470 694 1517 765 qui
1542 710 1657 750 suorum
1683 695 1845 765 capillorum

1058 782 1238 838 conciliorum
1262 784 1378 854 pectinis
1402 783 1525 840 subsidio
1542 785 1569 839 in
1588 793 1663 840 tanta
1690 800 1756 854 pacc
1779 800 1846 841 con·

1058 871 1162 940 ciliant,
1180 884 1210 930 ut
1235 890 1270 929 ne
1297 875 1367 932 lenis
1391 890 1459 931 aura
1477 875 1505 930 in
1529 876 1569 932 eis
1593 875 1683 946 possit
1710 875 1847 932 suscitare

1058 965 1207 1022 tumultum
1234 984 1241 1023 :
1268 967 1435 1023 luxuriantis
1453 968 1535 1023 etiam
1559 967 1698 1037 supercilii
1722 967 1846 1025 ssmbrias

1057 1058 1162 1115 loricis
1174 1061 1327 1129 patrocinio
1341 1061 1497 1126 demetunt,
1511 1067 1559 1115 aut
1573 1060 1608 1115 ab
1626 1060 1751 1129 ejusdem
1774 1062 1845 1117 silva

1057 1147 1196 1219 superflua
1210 1149 1388 1220 exstirpando
1399 1150 1565 1220 decerpunt;
1592 1150 1737 1220 pullulanti
1760 1152 1844 1206 etiam

1057 1240 1150 1296 barbae
1165 1240 1277 1297 crebras
1293 1242 1434 1296 novaculae
1447 1250 1589 1311 apponunt
1606 1241 1731 1307 insidias,
1746 1251 1777 1298 ut
1793 1260 1846 1300 nec

1057 1331 1152 1386 eadem
1173 1330 1314 1400 paululum
1330 1331 1430 1387 audeat
1445 1331 1603 1401 pullulare:
1620 1332 1732 1388 braclria
1754 1335 1846 1389 mani*

1057 1436 1153 1477 carum
1167 1423 1309 1494 angustias
1331 1433 1557 1494 conqueruntur;
1579 1424 1662 1494 pedes
1677 1425 1705 1479 in
1718 1429 1844 1497 angustis

253 1500 332 1559 ilunc
347 1503 508 1561 intuendum
524 1516 567 1564 est
584 1511 702 1582 qualiter
717 1512 860 1572 insolentis
873 1529 1006 1588 arrogan-
1056 1514 1211 1569 calceorum
1240 1513 1388 1585 ergastulis
1412 1521 1601 1570 carcerantur.
1633 1512 1708 1570 ileu!
1738 1516 1845 1573 bomini

216 1592 263 1649 tiae
276 1594 465 1665 ampullositas
482 1598 618 1656 humanas
639 1612 744 1659 mentes
757 1606 846 1675 erigat
868 1606 896 1661 iu
913 1615 1006 1663 tumo-
1057 1607 1131 1663 unde
1154 1607 1200 1663 isti
1226 1605 1325 1675 fastus,
1349 1608 1402 1665 ista
1420 1608 1572 1677 superbiai
1588 1608 1669 1680 cujus
1686 1625 1844 1667 aerumnosa

216 1696 293 1749 rem,
315 1684 396 1754 cujus
418 1685 586 1745 infirmitatis
601 1692 764 1764 contagione
785 1693 896 1751 funesta
910 1695 1006 1752 vitiata
1021 1729 1043 1783 B
1056 1707 1099 1754 est
1111 1698 1252 1765 nativitas,
1275 1699 1355 1770 cujus
1372 1699 1457 1753 vitam
1473 1697 1611 1753 laboriosa
1624 1698 1774 1754 demolitur
1784 1716 1844 1771 pre-

216 1768 360 1828 bominum
384 1775 550 1845 multitudo,
574 1779 640 1835 dum
659 1796 689 1838 se
704 1798 788 1854 supra
802 1799 832 1839 se
855 1785 1005 1843 insolenter
1055 1788 1178 1856 nolitne,
1206 1790 1286 1860 cujus
1309 1790 1498 1862 poenalitatem
1514 1787 1650 1860 poenalior
1665 1790 1761 1844 mortis
1776 1806 1844 1845 eon·

215 1862 333 1930 extollit,
349 1863 419 1920 iulra
444 1882 474 1923 se
495 1867 609 1925 ruinosa
632 1872 785 1942 descendit,
802 1875 855 1931 sibi
868 1877 1005 1948 derogans
1055 1882 1141 1938 cludit
1157 1883 1330 1949 necessitas;
1354 1882 1434 1952 cujus
1459 1896 1540 1936 orrrne
1567 1896 1640 1948 esse,
1658 1890 1841 1948 momentum,

215 1953 380 2022 arrogando,
395 1970 425 2011 se
439 1955 595 2029 deprimens
610 1961 751 2034 erigendo,
765 1979 795 2021 se
811 1965 864 2020 sibi
876 1966 1006 2025 auterens
1055 1971 1112 2028 rita
1125 1980 1168 2028 est
1182 1971 1370 2044 naufragium,
1384 1973 1506 2028 mundus
1527 1973 1655 2028 exsilium
1672 1974 1771 2044 :cujus
1785 1974 1842 2030 vita
1876 1994 1880 1999 ·

214 2041 362 2100 efferendo.
386 2043 490 2103 ilerum
515 2058 607 2106 autem
635 2052 777 2109 bominum
798 2057 1006 2115 autverborum
1055 2073 1104 2121 aut
1123 2065 1210 2133 abest,
1234 2075 1282 2120 aut
1307 2066 1424 2136 spondet
1449 2066 1623 2134 absentiam,
1652 2080 1728 2122 mors
1748 2074 1842 2122 autem

214 2133 347 2191 solemnis
370 2140 557 2211 pompositas,
583 2151 631 2199 aut
647 2144 815 2215 suspicionis
831 2159 919 2205 mater
934 2151 1005 2207 taei·
1057 2157 1153 2226 instat,
1169 2164 1217 2214 aut
1232 2157 1355 2223 minatur
1369 2157 1541 2213 instantiam.

214 2225 345 2295 turritas,
359 2237 408 2284 aut
421 2232 547 2302 quaedam
572 2245 651 2293 actus
675 2239 852 2310 specificatio,
868 2251 915 2298 aut
930 2245 1006 2301 inso-

212 2313 274 2372 lens
291 2328 384 2390 gestus
398 2323 534 2393 exceptio,
551 2335 600 2382 aut
619 2330 705 2386 nimia
724 2333 851 2403 corporis
863 2337 1005 2407 corruptio

213 2409 336 2464 exterius
349 2410 504 2469 interiorem
517 2417 873 2491 arguit⁸¹superbtamatit
885 2441 1005 2498 namque
1090 2435 1130 2492 lle
1156 2436 1285 2507 superbia
1310 2451 1388 2504 vero,
1409 2437 1464 2493 lilia
1486 2437 1620 2505 nascitur,
1635 2453 1697 2510 quae
1711 2446 1843 2496 materne

212 2502 600 2570 1110111111ὶί11111111101111
626 2510 750 2568 demittit
773 2515 926 2585 humilitas,
951 2535 1003 2574 111·
1055 2530 1236 2603 malignitatis
1255 2529 1415 2586 luereditate
1442 2531 1556 2602 potitur.
1576 2530 1640 2588 llaec
1659 2542 1701 2588 est
1720 2532 1841 2597 invidia,

213 2601 323 2662 gustam
348 2593 478 2666 jactitant
502 2598 676 2670 libertatern;
701 2605 759 2670 alii,
788 2606 854 2663 dum
878 2611 1004 2667 scurrilis
1053 2638 1116 2694 qum
1136 2622 1275 2678 concinna,
1296 2620 1584 2692 mordemcqonjs
1613 2624 1772 2694 rubiginosa
1793 2625 1843 2680 (ιθ.

213 2683 323 2752 generis
334 2685 439 2742 vilitate
453 2688 625 2759 plebescunt,
634 2693 718 2750 verbo
733 2703 849 2755 tenusse
857 2701 1003 2772 sanguinis
1053 2714 1216 2781 morsisne,
1236 2713 1381 2768 hominum
1401 2712 1510 2770 animos
1530 2714 1689 2772 demolitur.
1712 2714 1776 2772 llaec
1798 2723 1842 2771 est

213 2776 399 2879 111110111111
414 2779 1004 2862 111111111”·1111,11111111151111111111·
1053 2805 1167 2870 vermis,
1185 2804 1267 2876 cujus
1292 2816 1389 2858 morsu
1415 2803 1505 2859 morbi
1527 2805 1591 2860 data
1610 2806 1711 2862 mentis
1735 2806 1842 2862 sanitas

212 2870 600 2974 1111111111111111111111111.
623 2876 748 2947 eiusdem
774 2881 918 2939 lactantur
935 2885 1004 2942 ube·
1054 2895 1226 2952 contabescit
1240 2896 1268 2952 in
1284 2895 1408 2963 saniem;
1433 2896 1535 2952 mentis
1559 2896 1704 2954 sinceritas
1726 2912 1844 2968 compu-

212 2961 302 3028 ribus,
318 2962 502 3026 Aristotelicas
520 2972 683 3033 subtilitatis
702 2977 809 3049 apicem
827 2981 1001 3052 prolitentur.
1054 2986 1148 3044 trescit
1171 2987 1199 3041 in
1224 2986 1344 3054 cariem;
1367 2988 1468 3044 mentis
1489 2989 1599 3060 requies
1623 2989 1746 3060 liquatur
1767 2989 1841 3044 ’11ιι

211 3053 277 3123 Alii,
293 3055 359 3112 dum
371 3058 501 3130 leporinae
515 3063 671 3124 timiditatis
682 3070 818 3139 gelicidiis
829 3081 1001 3145 torpescunt,
1016 3066 1037 3125 G
1054 3081 1189 3137 laborem.
1207 3077 1322 3136 llaecest
1333 3080 1447 3152 hospes,
1459 3081 1506 3150 qui
1519 3081 1590 3152 apud
1606 3096 1687 3136 suum
1705 3082 1840 3151 1151111111

212 3147 272 3205 solo
290 3149 467 3210 verbositatis
492 3157 626 3227 remedio,
654 3161 859 3220 animositatem
885 3166 1003 3225 ellcrunt
1054 3172 1175 3244 bospitio
1188 3180 1328 3242 exceptus,
1344 3172 1405 3243 ejus
1423 3172 1571 3229 labefactat
1595 3173 1755 3243 hospitium.
1777 3171 1842 3229 llaec

212 3239 363 3298 leoninam.
380 3240 452 3300 Sunt
470 3245 528 3317 alii,
544 3250 592 3320 qui
608 3265 640 3307 ea
657 3266 720 3322 quae
743 3252 859 3311 interum
876 3255 1003 3329 indigna·
1052 3272 1094 3318 est
1123 3264 1273 3334 possessio,
1293 3263 1412 3335 pessime
1432 3264 1578 3334 possidens
1595 3280 1676 3321 suum
1693 3279 1841 3336 possesso·

211 3331 296 3392 tionis
322 3338 501 3408 supercilium
527 3340 631 3398 claudit
654 3344 782 3413 interius,
795 3348 926 3404 exteriori
941 3350 1002 3405 evi·
1053 3369 1124 3421 rem,
1140 3371 1202 3434 quae
1217 3355 1283 3411 dum
1297 3355 1368 3410 alios
1381 3355 1560 3413 detractionis
1578 3356 1725 3413 latratibus
1748 3367 1840 3424 vexat,

209 3422 307 3481 denter
314 3427 482 3500 eloquuntur
491 3430 601 3489 silentio
616 3450 623 3489 :
638 3431 707 3489 Nam
722 3435 786 3492 aliis
800 3436 924 3495 inferiori
940 3455 1001 3496 mo·
1053 3446 1096 3501 sui
1108 3447 1277 3517 possessoris
1287 3446 1409 3503 animum
1425 3448 1555 3505 intestino
1567 3463 1660 3504 morsu
1671 3446 1839 3519 periodiens,

1355 2288 1395 2344 De
1419 2290 1531 2345 invidie.

210 3531 274 3571 rum
288 3517 375 3589 gradu
387 3519 558 3590 jacentibus,
572 3523 616 3578 vel
634 3522 675 3578 cis
692 3526 832 3593 parilitate
856 3529 1002 3600 probitatis

211 3609 400 3677 comparibus,
419 3611 463 3666 vel
486 3612 569 3667 etiam
592 3613 703 3669 elatiori
728 3615 841 3691 fastigio
859 3622 1002 3695 dignitatis

209 3696 398 3766 pollentibus,
426 3708 531 3756 mutuae
568 3703 760 3764 collocutionis
794 3717 1002 3774 communicare

209 3787 387 3859 participium
403 3787 601 3863 dedignantur:
618 3809 634 3850 a
649 3797 790 3867 quibus,si
802 3803 866 3873 quis
880 3804 1001 3864 interro·

210 3879 332 3952 gationis
361 3881 494 3955 suffragio
519 3886 634 3943 verbum
654 3895 821 3961 expostulet,
839 3905 916 3954 tanta
933 3901 1002 3957 taci-

210 3972 353 4030 turnitatis
379 3973 586 4047 intercapedine
609 3995 626 4036 a
653 3983 804 4052 quaestione
819 3989 961 4047 omittetur
976 3994 1001 4027 11

209 4065 375 4135 responsio,
402 4075 432 4122 ut
451 4066 540 4124 eidem
562 4070 623 4127 bec
642 4074 717 4128 nulla
734 4079 896 4146 cognatione
911 4082 935 4116 11
957 4085 1000 4139 ri·

209 4152 308 4210 deatur
326 4156 425 4214 adluis.
441 4157 508 4224 dlii,
531 4176 598 4218 suos
611 4173 690 4219 actus
704 4167 862 4236 specilieare
875 4172 1000 4241 gaudeo·

209 4253 263 4311 tes,
278 4244 307 4303 in
326 4248 502 4306 multitudine
517 4253 682 4324 singulares,
700 4256 728 4310 in
744 4259 922 4329 generalitate
937 4278 1000 4335 spe·

209 4337 304 4404 ciales,
319 4339 347 4395 in
361 4341 568 4399 universalitate
587 4346 706 4415 adversi,
725 4347 753 4403 iu
774 4349 879 4407 unitate
894 4353 998 4413 diversi

209 4428 386 4486 omniiarlam
401 4446 463 4489 esse
478 4432 614 4491 laborant.
632 4436 702 4491 bum
718 4437 766 4495 alii
783 4455 903 4513 namque
915 4459 996 4501 exer·

209 4529 308 4577 centur
322 4523 479 4596 colloquiis,
502 4527 548 4583 isti
571 4528 711 4601 indulgent
725 4531 855 4602 silentiis,
870 4536 936 4591 dum
950 4537 996 4594 alii

208 4612 331 4671 lasciviis
344 4616 499 4687 solvuntur,
527 4618 573 4677 isti
594 4621 675 4677 seriis
697 4621 833 4693 implicari
848 4626 996 4697 videntum

209 4703 276 4760 dum
291 4706 339 4763 alii
354 4710 435 4767 seriis
451 4711 629 4782 implicantur
652 4716 781 4786 negotiis,
809 4715 855 4772 isti
871 4719 995 4775 otiantur

209 4797 342 4857 lasciviis.
369 4798 439 4858 bum
452 4804 500 4860 alii
512 4808 630 4877 quadam
645 4810 800 4868 serenitatis
815 4814 838 4847 11
851 4814 997 4873 testivitate

1054 3534 1197 3606 inquietat.
1214 3534 1279 3593 llaec
1293 3545 1336 3593 est
1351 3536 1466 3599 invidia,
1480 3538 1581 3607 quain
1593 3537 1654 3592 illos
1673 3552 1744 3608 quos
1758 3536 1841 3593 ritio-

1051 3643 1114 3683 rum
1134 3628 1265 3685 absorbet
1287 3628 1467 3696 internus,r
1490 3630 1591 3700 quibus
1615 3630 1740 3700 corporis
1761 3630 1841 3686 dotes

1052 3720 1124 3775 ratio
1146 3731 1252 3776 naturae
1267 3720 1427 3793 proscribit,
1444 3736 1515 3793 quos
1533 3721 1561 3776 in
1583 3729 1771 3792 paupertatem
1796 3721 1840 3777 in-

1052 3825 1127 3867 sanae
1147 3809 1265 3867 lortunae
1280 3811 1394 3878 evomit,
1407 3810 1576 3882 indignantis
1590 3826 1647 3866 suae
1661 3810 1840 3866 detractionis

1051 3902 1162 3958 aculeos
1178 3900 1243 3958 lacit
1258 3902 1340 3958 otiari
1352 3901 1388 3958 ’1.
1413 3900 1479 3968 Sed,
1493 3902 1517 3957 si
1531 3902 1594 3972 quis
1608 3902 1636 3956 in
1656 3909 1778 3957 torrente
1795 3901 1840 3957 di·

1050 3991 1180 4046 vitiarum
1192 3998 1269 4046 natm
1278 4005 1340 4045 eum
1355 3990 1464 4056 Croeso,
1480 4003 1546 4061 opes
1560 3989 1664 4062 spargit
1675 4004 1739 4046 eum
1753 3987 1838 4061 Cyro,

1050 4083 1078 4139 in
1096 4083 1187 4153 specie
1201 4082 1324 4153 disputat
1333 4096 1397 4137 cum
1415 4079 1555 4150 Narcisso,
1571 4082 1748 4138 animositate
1761 4089 1840 4137 tonat

1050 4188 1113 4229 cum
1128 4170 1233 4238 Turno,
1254 4170 1365 4227 llerculi
1386 4171 1499 4227 colludit
1515 4171 1543 4226 in
1558 4172 1668 4238 robore,
1692 4187 1755 4227 cum
1776 4169 1839 4224 Pla-

1052 4280 1114 4322 tone
1129 4265 1200 4322 lacie
1223 4265 1258 4321 ad
1279 4263 1378 4320 faciem
1403 4264 1606 4337 plrilosopbiam
1624 4264 1816 4336 speculatnr‘·
1827 4304 1836 4330 ,

1052 4375 1116 4416 curn
1130 4357 1275 4431 Hippolyto
1287 4356 1421 4413 castitatis
1432 4357 1544 4427 speculo
1559 4357 1706 4428 sigillatur,
1720 4357 1749 4412 in
1764 4357 1839 4413 bunc

1050 4466 1147 4508 omnes
1176 4463 1290 4507 suarum
1319 4448 1521 4505 detractionum
1557 4448 1667 4504 aculeos
1696 4445 1836 4518 expendit.

1050 4543 1119 4601 Nam
1139 4544 1283 4600 audaciam
1303 4540 1391 4599 iurori
1418 4540 1583 4598 temeritatis
1609 4541 1744 4613 assignat,
1769 4555 1839 4611 pru·

1050 4635 1171 4693 dentiam
1186 4635 1271 4691 animi
1287 4635 1316 4691 in
1332 4633 1438 4690 iraudls
1462 4633 1615 4702 versutias,
1633 4641 1681 4689 aut
1695 4634 1723 4688 iu
1737 4633 1838 4688 verbo·

1051 4729 1140 4786 sitatis
1159 4726 1390 4800 ampullositatem
1408 4725 1542 4796 obliquat.
1566 4723 1619 4780 Per
1643 4724 1726 4796 liujus
1753 4724 1838 4780 etiarn

1051 4819 1259 4883 detractionem,
1275 4817 1364 4888 pudor
1382 4817 1408 4871 in
1424 4815 1592 4889 hypocrisim
1602 4815 1759 4888 degenerat.
1774 4813 1838 4870 llcc

209 4890 365 4949 hilarantur
375 4894 403 4950 in
415 4892 496 4965 facie,
507 4898 552 4955 isti
578 4901 606 4956 in
620 4902 698 4958 vultu
713 4904 861 4975 quamdam
875 4907 997 4964 malevo-
1049 4911 1161 4968 invidiae
1177 4910 1257 4967 tabes
1271 4910 1416 4980 plerosque
1431 4907 1573 4976 tabefacit,
1589 4907 1718 4980 quidum
1741 4907 1839 4962 alienae

209 4984 243 5041 lae
255 4986 410 5044 severitatis
419 4989 570 5061 praelerunt
581 5001 782 5061 tempestatem.
792 4997 846 5054 Alit
857 4998 997 5057 lnterioris
1047 5003 1129 5060 lamae
1142 5003 1257 5058 nitorem
1268 5001 1414 5056 detrahere
1430 5007 1577 5065 conantur,
1594 4999 1676 5070 primi
1698 5013 1756 5055 sue
1773 5012 1838 5068 pro-

209 5076 346 5147 superblae
360 5090 464 5152 gestus,
476 5084 622 5142 exterioris
647 5096 742 5159 gestus
757 5089 918 5161 exceptione
930 5091 953 5124 11
965 5091 998 5147 u·
1050 5096 1143 5152 bitatis
1163 5094 1286 5150 sentiunt
1298 5092 1473 5148 detrimenta.
1494 5090 1543 5148 llis
1557 5091 1646 5147 aliena
1668 5091 1838 5161 prosperitas

209 5177 310 5238 garant
328 5187 335 5225 ι
351 5170 399 5241 qui
421 5181 552 5247 tanquam
573 5185 681 5235 terrena
702 5180 797 5238 omnia
822 5182 995 5252 despiciant,
1048 5188 1175 5252 adversa,
1192 5187 1280 5241 aliona
1296 5184 1449 5240 adversitas
1472 5198 1606 5255 prospera
1626 5183 1777 5254 judicatur.
1802 5181 1837 5237 lii

208 5261 301 5334 supini
315 5266 437 5325 eoelestia
450 5271 617 5343 suspiciunt,
631 5276 726 5334 oeulos
740 5277 915 5351 indignanter
926 5280 998 5335 obli·
1048 5279 1077 5333 in
1096 5278 1185 5333 aliena
1200 5276 1382 5348 gratulatione
1397 5276 1554 5341 tristantur,
1572 5276 1600 5329 in
1623 5275 1710 5330 aliena
1725 5275 1836 5331 tristitia

209 5365 317 5425 quanta
336 5362 482 5432 supercilia
503 5365 645 5439 exaltant,
665 5377 787 5425 mentum
813 5371 992 5442 superciliose
1050 5370 1234 5442 gratulantur.
1248 5367 1296 5426 lsti
1309 5382 1375 5424 suas
1390 5366 1417 5422 in
1432 5367 1521 5424 aliena
1533 5376 1699 5441 paupertate
1712 5368 1833 5435 divitias,

864 5503 980 5565 lellAE
999 5503 1200 5562 tectiores,

244 5611 268 5646 11
280 5613 374 5671 Actor.
412 5618 436 5651 11
449 5618 568 5675 Glossat.
606 5621 630 5654 11
641 5618 800 5695 insignitate
813 5622 1004 5696 praesigniunt.
1043 5621 1066 5655 11
1078 5619 1230 5679 Dividetur.
1268 5617 1487 5691 ''Cogitatione
1527 5612 1836 5675 1131111111111111111·

209 5690 449 5743 tate-serenantur.
486 5690 508 5722 11
522 5689 716 5762 conceptione.
754 5692 912 5752 'tuantur
950 5695 973 5726 11
987 5691 1048 5750 Non
1057 5692 1167 5751 emittit.
1208 5690 1462 5769 ⁸⁴·Coutemplatur.
