3992 6042
227 211 281 270 ⁹50
420 252 425 273 .
859 209 964 267 suurn
983 206 1029 264 DE
1047 205 1185 265 iustitis
1795 207 1849 264 idi

227 324 381 384 resedistis
394 325 512 398 lgnorm.
534 322 563 380 ln
576 337 705 395 perversa
730 332 820 379 mente
836 322 922 379 drsco
932 324 1016 379 cobst
1028 322 1053 380 Α
1067 338 1113 377 rea
1130 322 1404 378 coelioe‘dominmtiu
1426 324 1536 378 numius
1552 323 1692 395 divinoque
1710 324 1848 382 subsellis.

225 418 256 474 et
272 417 392 475 strntblo
406 418 539 488 pascitur,
554 416 619 487 unia
635 424 663 472 et
682 416 769 473 latens
792 416 896 473 malitia
918 415 1019 472 callide
1102 411 1278 480 Substantia,
1291 414 1419 483 proprie,
1433 414 1535 470 dieitur
1545 428 1589 470 res
1603 415 1724 470 existens
1738 415 1774 471 ab
1787 415 1852 472 aliis

229 512 385 579 regitur,et
405 509 568 565 inurentium
584 506 671 565 oculis
693 508 833 564 simulatio
862 506 1017 564 sanctitatis
1067 503 1855 576 rebuspropriaqualitatcdistincta,uudeinlibProedl·

229 597 394 655 sarcientur,
1067 602 1246 648 camentorum
1264 610 1274 648 .·
1292 594 1385 649 Primo
1400 596 1551 650 substantio
1570 605 1609 652 est
1630 612 1689 667 (μω
1707 597 1855 668 proprisos

265 689 371 759 stylus,
385 691 503 760 proprie,
518 688 621 746 Dicitur
633 690 730 746 modus
738 689 877 760 loquendi,
890 688 961 744 uude
974 701 1019 743 se-
1067 681 1251 752 principaliter
1264 684 1363 737 dicitnr
1376 684 1525 738 substantia
1539 724 1547 750 ,
1569 693 1597 739 cl
1610 684 1760 739 secundum
1777 685 1856 740 bunc

232 781 353 836 cundum
369 791 494 838 auctores
515 783 721 853 distinguuntur
745 790 799 837 tres
817 781 890 853 styli,
907 780 1012 836 scilicet
1069 787 1221 828 minonem
1246 773 1401 844 aunipotlet
1420 773 1486 830 buic
1502 771 1606 828 nomini
1626 773 1805 846 hypostasis,
1825 780 1857 831 et

231 871 357 937 humilis,
373 872 518 930 mediocris
536 882 564 929 et
593 874 731 945 altilogus.
757 871 861 927 Dicitur
883 871 1019 927 ordinatio
1070 867 1219 922 secundnm
1239 868 1290 923 lroe
1313 865 1477 922 transfertur
1498 881 1560 921 cum
1587 866 1691 932 divina,
1708 876 1739 921 ut
1761 867 1858 938 aliqua

232 962 291 1018 sire
313 962 476 1033 dispositio,
502 964 575 1020 nane
588 963 659 1020 lob:
675 965 741 1031 Quis
761 963 826 1017 milti
841 962 884 1017 det
906 971 935 1016 ιιι
954 978 1020 1017 esu·
1070 972 1186 1029 persona
1198 959 1334 1015 indivinis
1345 960 1454 1014 dicatur
1465 958 1620 1015 substantia
1631 959 1673 1013 rel
1685 959 1856 1029 hypostasis,

232 1060 326 1107 rantur
341 1053 369 1106 in
388 1052 457 1107 libro
471 1053 541 1125 stylo
554 1055 658 1125 ferreo,
673 1055 700 1110 id
715 1065 758 1111 est
771 1054 951 1124 dispositione
969 1053 1021 1107 im·
1070 1050 1221 1106 secundum
1241 1051 1313 1122 quod
1331 1048 1515 1122 Hieronymus
1534 1059 1590 1106 tres
1617 1066 1750 1122 personas
1775 1059 1858 1107 rocst

233 1142 408 1210 mutabili;et
425 1143 489 1199 alibi
512 1145 610 1215 legitur
621 1146 694 1216 quod
709 1155 850 1216 peccatam
863 1143 941 1201 toda
953 1143 1022 1199 scri·
1071 1150 1126 1197 tres
1142 1142 1303 1213 hypostases
1317 1141 1375 1197 sire
1390 1150 1446 1197 tres
1457 1141 1637 1198 substantias.
1661 1140 1858 1198 Transumitur

233 1243 310 1304 ptum
325 1246 367 1290 est
378 1236 449 1307 stylo
463 1235 563 1292 lerree.
579 1236 613 1292 Et
633 1237 660 1292 in
682 1236 817 1292 llartiano
832 1236 931 1308 legitur
947 1234 1020 1306 qnod
1072 1231 1106 1287 ad
1124 1233 1328 1289 substantialem
1350 1233 1540 1303 proprietatem
1567 1232 1624 1288 sire
1646 1231 1857 1289 substantialem

234 1324 397 1394 patriarcba
411 1327 570 1383 scribebant
583 1326 654 1398 stylo
670 1329 854 1383 adamantino.
1073 1333 1198 1379 naturam
1212 1364 1220 1387 ,
1235 1325 1307 1380 unde
1320 1324 1431 1381 boetius
1447 1325 1484 1381 ait
1499 1325 1571 1395 quod
1586 1324 1726 1379 bominem
1749 1323 1859 1393 ingredi

270 1412 326 1470 Sul
338 1417 494 1487 praepositio
508 1417 656 1488 aliquando
675 1419 835 1490 adjungitur
846 1425 1021 1482 accusatura,
1073 1414 1256 1471 substantiam
1271 1425 1313 1471 cst
1326 1416 1414 1487 ipsum
1429 1414 1534 1486 ingredi
1548 1415 1667 1484 speciem
1688 1412 1860 1484 specialissi-

235 1505 385 1577 sliquando
405 1507 525 1564 ablativo
538 1510 650 1580 quando
667 1511 739 1567 actio
760 1509 925 1580 adjungitur.
942 1506 1022 1562 Notat
1074 1519 1158 1559 mam.
1178 1503 1249 1559 ldem
1274 1507 1356 1560 ctiam
1379 1505 1439 1560 ait.
1456 1505 1580 1576 Speciem
1599 1520 1660 1560 esse
1674 1504 1860 1560 substantiam

234 1596 336 1655 iocum
350 1598 432 1656 llotst
444 1602 526 1656 etiam
547 1603 763 1672 protectionem,
784 1604 857 1657 uncle
870 1600 1022 1656 Dominus:
1075 1609 1188 1649 suorum
1203 1594 1418 1663 indiuiduorum,
1431 1604 1459 1651 ct
1470 1594 1622 1652 secundnm
1635 1595 1707 1651 banc
1719 1596 1862 1667 tignilies·

233 1688 400 1758 Jsrttsalsrtt‚
428 1689 603 1759 Jerusalem,
628 1694 729 1764 quoties
752 1692 824 1748 nolui
850 1708 1024 1763 congregare,
1076 1685 1176 1740 lionttni
1188 1685 1344 1756 aeqttipollel
1360 1687 1425 1742 buic
1440 1687 1545 1743 lidliliili
1560 1687 1684 1752 usiosis,
1704 1685 1863 1743 undosuls-

129 1848 134 1861 Ι
234 1788 301 1847 cic..
324 1782 373 1838 ssi
389 1781 448 1838 olas
472 1792 498 1838 et
527 1783 653 1839 noluisti.
677 1784 848 1855 Quandoque
869 1784 1027 1854 adjungitur
1075 1773 1217 1830 stauttiales
1238 1773 1404 1831 differentias
1427 1776 1599 1846 reponendas
1622 1791 1685 1832 esse
1701 1775 1864 1832 interosio·

234 1871 1025 1940 snuttroetsimittnernotationum,undedictmromnta
1077 1879 1137 1930 nes,
1150 1865 1177 1920 ii
1188 1874 1231 1920 est
1242 1866 1314 1921 inter
1327 1867 1522 1924 intumulatus
1534 1866 1724 1938 proprietates.
1739 1865 1865 1924 Transu-

236 1977 298 2034 qttae
318 1962 371 2019 sub
384 1965 445 2035 ipso
458 1978 538 2023 erant
554 1967 696 2036 replebant
720 1967 850 2036 templum
866 1984 873 2032 ;
900 1966 1027 2022 similitor
1077 1958 1161 2012 mitur
1180 1958 1233 2013 boc
1254 1972 1353 2014 nomen
1368 1960 1523 2016 substantia
1536 1961 1570 2016 an
1585 1959 1794 2032 signillcanulnm
1807 1960 1867 2016 boc

235 2057 314 2106 notat
325 2052 541 2120 protectionem,
563 2051 638 2108 unde
658 2051 743 2108 liarid
760 2072 767 2109 :
782 2050 836 2109 Sui
859 2052 953 2108 unnim
967 2055 1027 2109 uls·
1077 2064 1163 2120 genus
1186 2050 1424 2120 generalissimum
1449 2052 1674 2121 pradicsmenti,
1702 2053 1773 2108 unde
1793 2051 1865 2110 Por·

235 2156 297 2196 curn
322 2152 439 2197 tuarum.
462 2144 617 2216 Aliqrrando
632 2144 845 2216 subjectionem,
860 2147 931 2203 unde
951 2147 1027 2203 Psal·
1077 2144 1190 2216 pbyrius
1202 2142 1378 2200 :Substantia
1391 2153 1433 2201 est
1445 2145 1576 2215 quiddam
1592 2147 1692 2217 etipsa
1707 2155 1748 2201 est
1762 2160 1864 2217 genus,

235 2232 318 2289 mista
340 2252 348 2290 ι
372 2233 469 2290 Omnia
494 2235 642 2306 subiecisti.
670 2237 781 2294 Eisdem
798 2238 887 2295 modis
909 2240 1028 2294 sumitur
1077 2245 1104 2292 ct
1118 2237 1268 2292 secundum
1283 2238 1336 2292 boc
1350 2238 1506 2309 aqnipnllct
1519 2238 1584 2294 bule
1597 2238 1703 2293 nomini
1716 2239 1787 2305 usin,
1800 2253 1867 2309 pro·

236 2322 329 2379 ssltus
341 2324 384 2380 rel
393 2327 493 2382 ssbter.
1077 2334 1137 2399 pter
1149 2328 1222 2398 quod
1237 2328 1401 2384 transfertur
1413 2329 1447 2384 ad
1463 2328 1673 2401 signillcanrlom
1687 2344 1864 2386 communem

272 2411 422 2471 inlunem
441 2425 518 2474 notat
538 2419 784 2490 supponere,unde
804 2418 861 2475 :Et
882 2437 1027 2492 nosonsn-
1077 2428 1204 2474 naturam
1229 2421 1312 2475 trium
1338 2435 1518 2491 personarum
1546 2431 1575 2477 ιιι
1604 2421 1734 2477 diuinitas
1757 2422 1866 2477 dicitur

236 2503 1028 2578 dopscmuuuotscnloesnbdaaimusdlotattruisrercldu·
1077 2510 1138 2564 attio
1153 2511 1211 2567 site
1233 2511 1398 2579 substantia,·
1423 2513 1495 2569 unde
1518 2513 1645 2569 Christus
1664 2513 1763 2569 dieitur
1786 2514 1866 2586 gigas

237 2598 784 2673 csrsmndeinbraogelio:Subductisod
795 2615 892 2659 terrain
904 2605 1026 2660 nuribus.
1077 2601 1195 2671 gemine
1208 2602 1370 2658 substantiae
1387 2611 1414 2658 et
1440 2612 1496 2659 tres
1512 2620 1635 2675 personae
1656 2604 1785 2660 dicuntur
1802 2620 1865 2663 esse

274 2683 380 2756 Saline,
394 2690 513 2759 proprie.
530 2689 613 2748 Notat
626 2707 785 2762 supponere,
801 2692 873 2748 unde
886 2694 986 2765 legitur
999 2693 1028 2747 in
1079 2691 1161 2746 unius
1187 2692 1348 2748 substantia
1387 2694 1553 2751 homousion
1577 2704 1606 2749 ct
1640 2706 1699 2752 non
1729 2696 1866 2767 bomoby-

238 2775 398 2835 sisenem
409 2778 558 2837 Eleazarus
570 2782 656 2838 subiit
674 2783 866 2852 elephantem,
883 2781 910 2837 td
922 2782 1029 2838 estsub
1078 2782 1238 2852 postasion‚
1262 2783 1289 2839 id
1315 2795 1357 2840 est
1387 2786 1470 2841 utrius
1502 2785 1674 2851 substantia,
1694 2802 1748 2842 non
1782 2786 1866 2841 unius

240 2868 386 2939 elephante
400 2886 430 2927 se
444 2874 599 2942 supposuit.
625 2871 708 2930 Notat
731 2874 757 2929 in
782 2882 900 2929 mentem
917 2872 1027 2939 tenire,
1079 2886 1213 2941 persona.
1237 2873 1343 2930 {licitur
1357 2875 1516 2946 possessio,
1536 2877 1610 2932 unde
1625 2876 1652 2931 iu
1665 2874 1810 2948 Evangelio
1821 2876 1866 2929 io·

240 2959 314 3015 unde
337 2961 471 3017 soietdici
500 2980 506 3017 ι
532 2961 620 3019 Subiit
634 2965 683 3020 lroc
700 2966 818 3019 animum
832 2981 928 3019 meum.
946 2962 1063 3021 Notati}
1080 2960 1234 3018 troducitur
1258 2963 1331 3020 illius
1350 2965 1483 3034 prodigus
1508 2965 1624 3036 loquens
1647 2964 1680 3019 ad
1704 2971 1809 3034 patrem
1835 2961 1866 3018 in

240 3050 587 3119 sustinere,undcsoletdici
598 3053 1026 3127 :istesuliitlrocmupnurnopuu
1081 3052 1153 3108 lntnc
1170 3053 1305 3109 niodum:
1328 3053 1367 3108 lin
1383 3056 1448 3110 milri
1465 3056 1612 3126 portionem
1630 3056 1786 3125 substantio·
1805 3070 1868 3127 psa

278 3139 414 3213 Ssbjt'ccrc
428 3156 505 3202 notat
524 3162 688 3216 supponere,
710 3149 782 3205 unde
805 3149 889 3204 llarid
905 3168 913 3204 :
930 3147 1029 3205 Omnia
1079 3144 1144 3199 oailri
1165 3146 1314 3215 continpit,
1339 3146 1365 3202 id
1384 3157 1426 3202 est
1444 3146 1644 3216 possessionem
1664 3148 1705 3202 uel
1721 3148 1869 3203 baeredita-

241 3229 378 3302 suijecisti
391 3238 439 3290 sub
449 3236 558 3306 pedidus
573 3238 640 3308 ejus.
656 3237 738 3296 Notat
752 3242 916 3311 respondere,
936 3241 1028 3296 unde:
1081 3241 1146 3288 lem·
1163 3232 1267 3291 [licitur
1280 3235 1367 3302 lidcs,
1381 3236 1453 3291 ”lide
1466 3237 1632 3307 Ab⁰⁵l⁰¹¹¹⁸³
1649 3235 1729 3290 Fides
1741 3246 1781 3291 Μ
1796 3235 1869 3289 ”¹⁶-

242 3322 357 3395 Stbt'icil
370 3324 472 3382 Pdelt'a
485 3327 608 3384 Mancino.
631 3327 786 3388 Pronomen
801 3342 841 3387 est
857 3332 930 3403 apud
942 3331 1029 3387 diale·
1080 3325 1182 3379 stantia
1198 3324 1391 3395 sperandorum
1411 3341 1512 3390 rerum,
1524 3336 1765 3397 argumentantium
1777 3340 1871 3394 oppu-

242 3418 330 3475 cticos
342 3420 424 3476 etiam
442 3435 485 3476 res
497 3421 532 3477 de
546 3438 600 3493 qiua
618 3423 649 3478 lit
663 3438 755 3479 serino
774 3424 802 3478 iu
816 3424 965 3479 locotione.
983 3421 1031 3476 bi-

242 3509 315 3566 citnr
328 3510 427 3579 subjici
443 3509 577 3567 locutioni
592 3512 635 3567 rel
648 3513 815 3582 praedicato,
831 3512 904 3568 unde
919 3520 947 3569 et
961 3513 1030 3568 sub·

239 3599 343 3670 icctt‘m
356 3601 468 3655 dicitur.

278 3687 667 3773 Sublimedicitursuperbum,
676 3691 749 3749 unde
758 3693 785 3747 in
796 3692 968 3752 Proverbiis:
978 3695 1032 3752 Su·

243 3779 363 3835 olintum
378 3780 448 3837 colis
460 3782 568 3852 proprio
584 3784 679 3838 virtute
685 3785 795 3851 calcavi,
808 3799 834 3841 et
845 3787 874 3842 ia
882 3787 929 3843 lib.
939 3786 1006 3859 ling.
1020 3804 1028 3842 ι

1080 3417 1205 3482 sentiunt,
1218 3417 1296 3473 idest
1307 3417 1373 3473 illud
1386 3418 1515 3488 perquod
1523 3418 1656 3489 speranda
1670 3416 1871 3473 subsistantia

1080 3511 1170 3567 nobis.
1197 3511 1301 3566 Dicitur
1325 3511 1413 3564 uirtus
1436 3508 1568 3565 evadendi
1594 3508 1771 3579 passionem,
1793 3505 1872 3562 unde

1081 3601 1210 3659 Christus
1226 3621 1232 3656 :
1248 3600 1354 3672 lenpaut
1369 3619 1428 3657 sunt
1441 3604 1470 3657 itt
1480 3602 1546 3655 limo
1558 3600 1696 3670 profundi,
1712 3598 1738 3653 id
1751 3607 1793 3654 est
1805 3612 1871 3668 pro-

1081 3691 1166 3747 lunda
1192 3691 1339 3747 infirmitas
1362 3691 1490 3747 bumana
1504 3698 1624 3756 naturae,
1639 3697 1664 3743 et
1679 3704 1731 3743 uon
1746 3696 1785 3742 est
1802 3689 1871 3742 ssd·

1081 3784 1203 3851 stantis,
1220 3784 1247 3839 id
1263 3792 1304 3840 est
1319 3782 1346 3838 in
1360 3799 1404 3839 mc
1418 3798 1472 3838 non
1487 3790 1530 3838 cst
1545 3782 1634 3838 uirtus
1649 3782 1741 3837 carnis
1754 3780 1788 3836 ad
1800 3794 1872 3836 ers-

243 3870 519 3945 Nolitemultipllcutc
529 3874 602 3946 loqui
614 3875 750 3944 sublimia,
762 3877 1032 3949 gloriantes.llicitur
1082 3875 1201 3930 ‹lendum
1217 3874 1385 3944 passionem.
1401 3873 1505 3929 Dicitur
1518 3873 1664 3938 stabilitas,
1678 3872 1750 3927 unde
1762 3871 1803 3927 sic
1816 3887 1867 3942 po-

242 3965 377 4022 cslsitudo
392 3975 501 4022 ateruuae
511 3968 700 4035 beatitudinis,
712 3970 784 4025 uude
798 3970 824 4024 in
836 3970 949 4028 Uarrone
964 3974 1031 4029 mis·
1082 3973 1134 4020 test
1146 3964 1245 4035 erponi
1261 3964 1389 4034 prodicta
1405 3964 1557 4019 auctoritas
1574 3981 1581 4017 :
1598 3961 1659 4016 Non
1675 3971 1714 4017 est
1728 3962 1793 4016 otili
1803 3960 1872 4015 ssd-

244 4072 283 4113 sae
298 4057 398 4128 legitur
415 4077 421 4113 :
437 4056 507 4114 iube
521 4060 577 4113 lroec
591 4062 704 4131 perferri
720 4078 768 4132 per
779 4079 873 4118 munus
884 4065 971 4119 suncti
982 4081 1029 4121 uo·
1081 4055 1192 4120 stantia,
1206 4054 1232 4108 iil
1245 4062 1287 4109 ⁰⁸¹
1302 4053 1436 4108 bilbilim
1451 4052 1524 4107 Vllae·

244 4147 295 4218 poli
310 4149 348 4200 tui
361 4149 389 4201 in
402 4148 514 4202 sublime
528 4149 615 4204 ultore
630 4159 715 4206 tuum.
1117 4145 1273 4211 sudarium,
1286 4144 1406 4215 proprie.
1426 4142 1530 4200 [licitur
1542 4142 1723 4214 intelligentia
1736 4141 1777 4197 rel
1788 4157 1875 4198 amor

279 4234 449 4292 Subsunnnre
472 4247 550 4294 notat
576 4239 707 4296 deridere.
735 4240 818 4298 Norat
841 4241 951 4299 Jndaeos
981 4259 1030 4314 per
1082 4245 1272 4302 terrenorum,
1289 4236 1360 4290 undo
1381 4237 1408 4290 in
1429 4233 1577 4306 Evangelio
1589 4234 1689 4305 legitur
1700 4235 1734 4289 dc
1749 4246 1872 4303 nequam

242 4326 377 4383 mundum
392 4327 568 4399 dispergere,
585 4331 656 4385 unde
670 4332 697 4385 in
710 4330 840 4387 Psalmo:
856 4331 910 4397 Qui
925 4332 1030 4387 balitut
1046 4297 1067 4352 ⁰
1082 4344 1162 4384 seruo
1184 4327 1231 4397 qui
1255 4329 1400 4384 abscondit
1420 4328 1562 4397 pecuniam
1584 4326 1688 4382 domini
1709 4324 1752 4380 sui
1770 4324 1798 4378 in
1818 4338 1874 4378 so·

242 4422 271 4474 in
283 4420 356 4475 coelis
373 4420 495 4474 irridebit
508 4437 572 4489 eos,
589 4421 718 4478 Donniuus
731 4425 904 4500 subsannabit
916 4443 972 4481 eos.
987 4425 1029 4480 ir·
1081 4420 1171 4474 dario.
1186 4419 1231 4475 llle
1245 4420 1389 4489 pecuniam
1404 4418 1508 4473 donnini
1526 4417 1569 4473 sni
1584 4414 1769 4472 absconditio
1784 4414 1875 4469 suda-

242 4512 306 4569 rislt
329 4511 715 4584 coristaslanaeosquando,
733 4517 831 4587 positis
855 4517 1029 4582 custodibus,
1082 4515 1123 4568 rio
1137 4512 1184 4582 qui
1198 4513 1364 4584 negligenter
1379 4510 1508 4580 praedicat
1524 4511 1636 4563 uerbum
1651 4507 1698 4563 liei
1714 4506 1756 4561 uel
1772 4520 1875 4562 amore
1976 4494 1977 4499 ἵ

243 4600 375 4656 surrexit.
394 4600 581 4657 subsannavit
597 4605 710 4674 quando
733 4622 782 4676 per
806 4606 938 4661 mundum
966 4618 1032 4661 snut
1082 4615 1251 4662 terrenorum
1277 4613 1357 4659 tacet.
1375 4602 1479 4657 Dicitur
1492 4602 1575 4656 ctiam
1589 4615 1707 4670 pannus,
1727 4611 1781 4671 quo
1806 4613 1875 4653 me-

244 4691 375 4762 dispetsi.
388 4690 464 4748 Solet
473 4702 564 4750 autem
578 4694 636 4750 lieri
649 4697 741 4751 irrisio
752 4697 837 4753 bucca
848 4699 926 4767 quasi
938 4698 1029 4751 airuns.
1081 4697 1186 4764 diantc,
1202 4696 1286 4752 sudor
1300 4693 1378 4751 iaciei
1396 4693 1569 4762 abstergitur.

246 4781 456 4839 subsannamus
478 4800 556 4851 naso,
578 4788 703 4856 rugando
722 4803 819 4843 nasum
832 4828 840 4852 ,
854 4788 919 4857 qnia
943 4803 1030 4843 satana
1118 4786 1216 4853 Sudor,
1234 4786 1352 4854 proprie.
1368 4782 1474 4838 Dicitur
1487 4783 1563 4839 labor
1575 4781 1640 4852 quia
1653 4796 1685 4836 es
1698 4781 1880 4848 taborepro-

245 4884 314 4941 ruga
327 4869 438 4937 dicitur,
452 4879 481 4928 st
496 4872 587 4929 nniuus
601 4874 694 4932 irrisio
708 4892 791 4945 quam
804 4878 993 4934 subsannatio.
1082 4879 1156 4934 uenit
1171 4878 1265 4941 sudor,
1281 4876 1352 4931 rrrudc
1366 4875 1394 4930 in
1407 4875 1475 4931 Gen.
1491 4892 1498 4929 s
1512 4873 1545 4928 ln
1559 4874 1656 4928 sudore
1669 4871 1768 4938 υιιιιιι,
1785 4873 1810 4925 id
1828 4880 1880 4933 est

280 4961 415 5020 Subselliu
426 4965 556 5021 dicuntur
571 4964 661 5032 sedes,
677 4968 749 5023 ursule
760 4966 902 5026 luvenalis
918 4971 952 5025 de
967 4969 1030 5025 Str.-
1082 4970 1200 5024 vesceris
1217 4983 1297 5038 pane,
1315 4966 1341 5022 id
1357 4976 1399 5021 cst
1411 4966 1481 5020 dixit
1494 4964 1565 5019 liena
1579 4963 1660 5018 Pater
1673 4964 1706 5018 ad
1720 4963 1822 5017 Adam.

245 5144 321 5202 mani
334 5158 528 5215 conuenerant,
542 5149 578 5204 its
591 5158 620 5205 nt
631 5149 710 5205 sedus
722 5151 860 5207 rideretur
872 5151 961 5223 frangi
973 5152 1029 5206 ait:
1082 5150 1174 5219 suffert
1189 5152 1370 5204 tentationem.
1385 5146 1466 5201 Notat
1479 5145 1595 5215 anferre,
1610 5150 1681 5199 erardo
1691 5142 1777 5198 llario
1791 5143 1880 5216 lisg-

345 5277 399 5294 .....
415 5238 506 5311 Frepit
521 5242 647 5297 subsellia
662 5258 737 5297 oersst
1034 5298 1037 5301 ,
1082 5240 1178 5295 dalens
1191 5238 1331 5294 Cluisturu
1352 5247 1450 5307 putans
1465 5235 1641 5290 hortulanum
1657 5233 1696 5287 ait
1711 5250 1718 5286 :
1735 5230 1879 5301 boorias,

245 5329 325 5397 attasi
340 5329 434 5385 dicat:
461 5328 513 5386 Tot
524 5335 688 5389 conueniunt
704 5334 737 5388 ad
753 5334 919 5390 audiendum
935 5350 1032 5390 versus
1082 5331 1106 5385 st'
1124 5330 1258 5384 sustulisti
1274 5327 1441 5391 ostandiciis
1459 5325 1535 5379 mili.
1555 5323 1638 5378 Notat
1654 5321 1779 5392 implere,
1795 5322 1882 5379 unde

247 5418 328 5474 Statii
339 5420 413 5488 quini
433 5420 511 5477 sedes
526 5422 670 5493 inquibus
685 5426 817 5482 sedebant
830 5424 945 5481 Romani
956 5424 1032 5480 lran·
1083 5424 1182 5493 legitur
1194 5423 1267 5495 quod
1281 5418 1520 5490 discipuliCbristi
1530 5417 1564 5474 de
1579 5416 1815 5490 fragmentisque
1830 5435 1882 5477 re-

248 5507 527 5581 gebanturrellrangi
537 5512 710 5569 ridebantur.
729 5513 833 5569 Dicitur
844 5515 912 5570 ordo
929 5515 1033 5587 angell-
1083 5524 1242 5571 manserant
1256 5512 1426 5569 sustulerunt
1439 5508 1586 5565 duodecim
1601 5510 1757 5580 coplrinos;
1779 5518 1882 5580 poten

249 5597 353 5667 eosqui
362 5599 572 5666 nteitnrtbroob
582 5603 687 5673 undoin
697 5607 839 5675 sequentia
848 5623 854 5660 :
864 5605 905 5659 Ad
919 5607 1030 5666 relebres
1084 5613 1174 5662 tamen
1186 5603 1223 5659 lbi
1237 5605 1301 5676 poni
1315 5603 1426 5671 superte
1439 5616 1489 5672 pro
1503 5603 1615 5672 deferre.

1973 4870 1976 5027 l

245 5052 286 5109 tls
302 5052 430 5124 loquens,
446 5056 481 5113 sd
497 5056 579 5127 cuijus
598 5057 660 5113 libri
677 5059 862 5114 recitationem
883 5061 960 5115 multi
977 5058 1032 5112 lio-
1118 5058 1235 5129 Suram
1249 5067 1325 5113 nutat
1338 5058 1417 5127 poti,
1442 5056 1514 5111 unde
1537 5053 1619 5110 lac:
1641 5054 1738 5109 lleutus
1760 5055 1802 5107 oir
1824 5057 1880 5124 gui
1974 5056 1975 5063 ’
