3992 6042
142 334 195 395 lis
654 328 777 387 suntin
796 330 840 386 DE
859 326 953 384 altre
970 324 1247 385 Pneutctrutttt
1714 336 1766 391 itt

139 453 227 517 nnat,
247 456 274 505 et
288 446 440 503 dilatabant
458 444 625 518 phylacteria
641 459 691 501 sua
707 444 817 516 (liuttla.
834 444 926 515 xttn).
943 444 1060 509 Araiaili
1074 460 1140 500 aura
1154 445 1316 511 mulceatur,
1332 459 1385 500 non
1406 445 1477 514 quod
1491 445 1615 502 theatrali
1631 449 1764 517 applausu

139 538 320 595 'l'alisautem
336 534 594 606 praedicatiopntest
614 532 668 590 dici
690 535 855 604 suspiciosa,
872 547 926 588 non
978 533 1140 600 deliniatur:
1167 533 1214 590 sed
1241 543 1271 588 nt
1298 549 1393 589 eorum
1419 536 1504 590 animi
1530 536 1723 602 informentur,
1737 550 1765 596 et

137 639 233 686 tamen
246 626 456 692 contemnenda,
470 625 700 681 sedsustinenda.
719 623 797 681 Unde
810 624 927 694 aposto·
977 626 1050 696 quod
1076 625 1128 694 ipsi
1153 625 1330 681 considerare
1351 642 1405 682 noo
1428 628 1603 698 debentquis
1624 631 1763 699 loquatur,
1785 636 1791 697 J

138 719 185 775 lns
201 720 239 772 ait
254 736 262 773 z
277 717 446 787 Quacumque
459 716 605 771 occasione
618 714 779 784 praedicetur
789 712 925 781 Christus,
977 714 1024 768 sel
1041 713 1105 783 qnid
1120 712 1153 767 ⁸⁸.
1169 711 1229 768 Non
1253 715 1325 769 enim
1349 714 1376 769 in
1393 718 1499 785 spineto
1510 718 1708 774 consideranda
1723 727 1766 775 est

137 810 169 865 in
184 802 926 880 noegaudeo,etgaudclro(Piil.t).llondebentetiarn
977 804 1064 874 spinae
1076 805 1221 874 asperitas,
1235 805 1282 860 sed
1295 821 1365 861 rosae
1384 808 1541 874 arnoenitas,
1560 824 1623 864 nam
1638 811 1720 865 eliam
1736 811 1764 867 in

137 902 278 966 interseri,
295 900 329 954 ad
344 899 477 968 majorem
491 897 595 954 Christi
609 897 719 952 laudern
743 895 766 929 ⁸⁰
788 896 925 967 quianon
977 893 1084 949 calamo
1099 894 1189 965 fragili
1205 896 1257 951 mel
1272 899 1406 967 reperitur
1420 899 1637 969 '’,ctexlapide
1654 900 1765 958 flamma

136 993 232 1049 minus
258 989 386 1046 Christus
411 990 539 1045 irascitur
565 990 598 1045 de
627 987 696 1044 tarsa
723 988 813 1054 lande,
842 1001 924 1058 qtraru
976 986 1122 1041 excutitur.
1138 987 1766 1058 Consequenterustenderedebctauamutile

136 1082 173 1137 de
188 1089 285 1152 negata
294 1081 417 1137 ueritate.
430 1078 505 1136 Talis
516 1088 606 1137 autem
616 1078 772 1151 praedicatio
782 1078 925 1134 laeretico-
977 1076 1014 1131 sit
1026 1077 1121 1133 audire
1136 1079 1249 1134 terbum
1265 1078 1323 1146 llei,
1337 1080 1361 1136 si
1375 1080 1481 1136 effectui
1499 1081 1678 1150 mancipetur.

137 1188 200 1227 rum
216 1173 286 1227 solet
300 1188 371 1238 esse,
387 1156 438 1242 qni
452 1187 515 1226 tera
532 1178 699 1241 proponunt,
711 1178 738 1225 et
749 1184 922 1238 consequen·
1012 1164 1097 1222 Debet
1121 1167 1214 1223 etiam·
1228 1169 1386 1238 promittere
1411 1186 1441 1225 se
1466 1186 1552 1240 pauca
1576 1172 1713 1229 dicturum
1738 1183 1766 1231 et

135 1271 180 1317 ter
196 1261 265 1316 laisa
280 1261 448 1316 interserunt
462 1260 484 1292 ¹¹
498 1258 552 1332 54
567 1259 601 1314 de
616 1260 716 1328 quibus
729 1258 830 1313 dicitur
848 1275 855 1313 2
872 1255 926 1311 Lu·
976 1258 1074 1324 utilia;
1090 1274 1141 1314 nec
1154 1275 1184 1315 se
1206 1261 1275 1315 trahi
1299 1262 1333 1316 ad
1347 1262 1400 1317 lroc
1414 1263 1465 1318 nisi
1482 1278 1577 1319 amore
1595 1265 1763 1332 auditorum,

135 1353 199 1406 mire
222 1349 385 1405 nudauerant
410 1365 552 1413 nrammrts,
574 1347 740 1403 intrauerunt
762 1347 832 1417 filios
862 1362 925 1401 tuot
976 1364 1066 1419 neque
1090 1350 1173 1406 etiarn
1198 1366 1227 1406 se
1243 1351 1330 1422 loqui,
1357 1353 1430 1422 quud
1449 1354 1561 1423 majoris
1584 1355 1620 1410 sit
1643 1357 1765 1413 scientiae

135 1442 246 1512 (Tlrreu.
259 1443 297 1512 rt)
313 1442 346 1496 ⁸¹.
362 1440 464 1495 Lamiae
477 1441 613 1510 uirgineas
633 1439 734 1497 habent
751 1438 836 1494 iacies
848 1454 924 1503 suas,
976 1448 1025 1494 aut
1038 1442 1200 1510 prudentiae,
1212 1443 1255 1498 tel
1269 1443 1390 1500 melioris
1401 1443 1462 1499 uite
1472 1463 1480 1511 ;
1492 1446 1539 1500 sed
1558 1446 1622 1516 quia
1638 1447 1763 1502 reuelan-

134 1534 185 1590 sed
197 1535 279 1604 pedes
293 1534 420 1605 equinos.
433 1532 520 1588 Pedes
534 1532 626 1603 equini
645 1532 775 1603 ungulam
798 1545 853 1585 non
875 1530 925 1585 tiu·
975 1539 1022 1586 tur
1043 1532 1191 1603 aliquando
1213 1533 1327 1600 minori,
1349 1549 1410 1603 quse
1431 1549 1485 1588 non
1508 1536 1605 1605 majori
1624 1555 1631 1590 :
1647 1546 1673 1592 et
1698 1547 1765 1593 tunc

133 1624 215 1689 dunt,
231 1625 277 1681 sed
294 1624 407 1679 lirmiter
424 1631 501 1679 terrae
514 1622 626 1693 alllgunt
636 1623 669 1678 ⁸⁸.
682 1621 734 1677 Per
748 1621 846 1677 lamias
859 1635 925 1691 ergo
975 1622 1077 1678 debere
1092 1623 1225 1693 majorem
1238 1634 1339 1690 tacere,
1353 1633 1381 1679 et
1395 1625 1459 1694 qtria
1478 1625 1627 1694 aliquando
1645 1628 1764 1697 majores

134 1715 325 1786 intelliguntur
338 1715 469 1779 haeretiei,
485 1716 532 1785 qni
544 1723 706 1785 praeponunt
721 1712 818 1770 taciem
841 1712 924 1783 virgi·
975 1715 1124 1784 praedicare
1142 1716 1250 1781 nolunt,
1263 1732 1316 1772 non
1336 1724 1379 1772 est
1391 1716 1491 1771 mirum
1505 1717 1528 1772 si
1543 1716 1664 1773 minores
1675 1734 1764 1789 quan-

135 1805 192 1866 rtis.
217 1806 265 1861 sed
291 1803 458 1861 concludunt
481 1804 607 1859 aculeum
640 1802 804 1873 scorpionis.
830 1800 923 1856 Primo
940 1778 1065 1876 Bdoque
1077 1806 1245 1874 balbutiunt,
1259 1808 1323 1878 quia
1347 1808 1370 1863 si
1392 1808 1502 1863 litterati
1526 1817 1644 1879 taceant,
1661 1809 1764 1881 lapides

132 1897 210 1952 enim
238 1906 394 1967 proponunt
419 1913 500 1963 scra,
533 1902 731 1965 curruquenter
757 1892 924 1949 concludunt
974 1894 1174 1966 loquentnrtel
1188 1897 1355 1953 clamabunt.

132 1986 204 2042 falsa
220 2026 227 2040 .
242 1988 324 2057 pedes
337 2003 402 2043 tero
417 1987 518 2042 ltabctrt
529 1986 659 2057 equinos,
670 1985 734 2055 quia
747 2000 795 2055 per
808 1984 922 2040 auectus
1010 1981 1214 2054 Consequentur
1224 1985 1305 2041 debet
1322 1986 1453 2041 accedere
1468 1988 1502 2041 ad
1517 1989 1688 2043 auctoritatis
1699 2003 1764 2058 pra

133 2078 236 2134 metatis
248 2077 275 2132 in
300 2077 347 2133 Dei
366 2088 392 2133 et
412 2077 530 2148 proximi
545 2074 691 2131 dilectione
713 2091 768 2131 non
794 2074 924 2130 diuidun-
974 2073 1072 2144 positae
1085 2074 1296 2143 expositionem,
1311 2084 1435 2131 ettotam
1448 2077 1586 2133 inllcctere
1606 2078 1640 2133 ad
1655 2079 1764 2135 audito·

133 2175 180 2223 tur
194 2167 227 2231 ⁸⁸,
253 2169 301 2225 sed
326 2184 423 2225 oannes
438 2168 550 2225 allectus
562 2167 681 2223 terrenis
697 2166 924 2225 delectationibus
973 2178 1036 2218 rum
1053 2162 1279 2232 instructionem
1293 2182 1344 2222 nec
1356 2169 1548 2224 auctoritatem
1564 2168 1648 2225 nimis
1662 2169 1764 2225 obscu-

133 2256 247 2329 alilgunt
262 2257 297 2313 ⁸⁸.
316 2257 390 2313 Talis
404 2257 560 2328 praedicatio
573 2256 687 2312 omnino
704 2255 857 2325 abjicienda
869 2264 921 2325 est,
973 2269 1033 2310 ram
1049 2255 1092 2309 rel
1105 2255 1241 2311 difficilem
1255 2266 1399 2328 proponat,
1413 2275 1447 2314 tre
1459 2259 1600 2315 auditores
1613 2275 1673 2315 eam
1687 2260 1765 2317 lasti-

133 2347 199 2415 quia
213 2345 313 2400 uitiosa
327 2353 354 2399 et
367 2345 531 2414 perniciosa.
545 2343 575 2399 ln
597 2343 741 2400 sententiis
763 2360 829 2399 reru
841 2345 924 2400 debet
973 2330 1061 2413 diunt,
1075 2348 1152 2404 etita
1169 2347 1261 2403 minus
1272 2356 1375 2405 attente
1387 2349 1509 2405 audiant.
1528 2348 1583 2405 Nec
1597 2351 1624 2405 in
1641 2350 1747 2405 auctori

134 2435 235 2491 trabere
245 2434 404 2503 praedicatio
417 2434 540 2503 pondus,
556 2442 587 2488 ut
608 2433 709 2488 virtute
724 2435 922 2489 scrutentiarum
973 2438 1039 2493 tatis
1052 2440 1236 2510 expositione,
1248 2440 1329 2496 debet
1341 2441 1424 2497 nimis
1437 2442 1520 2496 citua
1536 2441 1679 2511 proposito
1691 2455 1764 2496 rece·

133 2526 244 2580 animos
257 2524 413 2579 auditorum
428 2522 549 2578 emolliat
561 2521 595 2589 ⁸⁸,
612 2523 712 2579 excitet
724 2533 854 2586 mentem.
870 2539 923 2594 pa·
974 2529 1050 2591 dere,
1067 2544 1100 2584 ne
1117 2531 1236 2599 primum
1251 2529 1353 2597 medio,
1365 2530 1485 2586 medium
1497 2546 1531 2585 ne
1545 2531 1682 2601 discrepet
1694 2533 1761 2586 iuro.

132 2616 190 2669 rial
201 2613 402 2677 ῡϋῦῑῐίῑῑθηθῐῐὶ,
418 2612 555 2680 0⁰¹¹ll¹¹1¹³¹
575 2610 718 2679 (Ῐθῡῑΐῑῑῑῑδ,
733 2621 808 2667 ῑθῐῑθῑ
829 2612 921 2679 minis,
974 2621 1058 2677 debet
1072 2621 1156 2677 etiam
1172 2621 1242 2676 alias
1254 2621 1433 2676 auctoritates
1445 2621 1576 2678 inducere
1591 2621 1626 2676 ad
1647 2623 1673 2676 id
1687 2636 1763 2677 asse·

132 2705 292 2761 blandiatur
303 2704 461 2775 promissis,
482 2704 564 2758 etita
590 2711 646 2758 tola
661 2703 754 2758 tendat
770 2704 803 2758 ad
819 2704 922 2759 utilita-
973 2711 1100 2778 ferndum,
1127 2710 1257 2778 maxime,
1278 2726 1340 2782 qnae
1362 2711 1500 2781 pertinent
1520 2711 1554 2766 ad
1578 2712 1760 2782 propositum.

132 2806 191 2851 tem
202 2796 400 2864 proximorum.
417 2792 487 2848 Sunt
497 2796 569 2851 enim
581 2793 694 2865 quidam
708 2794 755 2864 qui
768 2794 850 2848 fluam
866 2808 923 2848 8¹¹ae
972 2801 1075 2859 Poterit
1089 2801 1171 2857 etiarn
1184 2818 1218 2856 ex
1231 2796 1375 2858 occasione
1390 2802 1413 2834 ‘⁹
1432 2804 1595 2858 interserere
1611 2802 1682 2857 dicta
1697 2817 1764 2876 geu·

132 2887 338 2958 praedicationis
349 2888 519 2943 constituunt
533 2896 668 2942 tertullum
689 2886 857 2950 mercedem?
874 2885 923 2939 ¹¹⁰·
973 2896 1072 2962 tilium,
1090 2895 1163 2950 sieut
1175 2903 1203 2949 et
1215 2893 1316 2950 Paulus
1334 2895 1476 2963 apostulus
1494 2894 1642 2965 aliquando
1658 2895 1685 2949 in
1699 2893 1763 2965 npt-

133 2993 196 3033 run
213 2988 303 3032 aurem
319 2978 474 3047 praedicatio
493 2989 654 3050 sumptuosa
674 2984 726 3032 ear.
747 2974 827 3030 Talea
849 2974 921 3029 enlm
974 2985 1052 3039 stolas
1075 2986 1134 3040 suis
1156 2985 1384 3055 philosophorum
1408 2986 1586 3041 arrrtoriutes
1613 2984 1761 3051 irruerserir,

132 3071 228 3140 potius
246 3070 405 3125 mercenarii
429 3078 495 3126 sunt
518 3085 601 3141 quam
618 3069 823 3139 praedicatores,
839 3076 866 3122 et
882 3076 957 3156 ιιι-0
973 3076 1039 3146 qula
1053 3075 1206 3144 elegantem
1229 3073 1341 3128 habebis
1362 3073 1762 3145 tocum55‚sicaut,12oef.

133 3178 196 3218 rnen
228 3163 390 3233 praedicatio
415 3179 512 3220 corum
541 3162 677 3219 audienda
707 3172 734 3217 et
763 3160 922 3217 sustinenda
973 3168 1039 3220 num
1054 3164 1185 3233 iunctura
1203 3163 1353 3218 reddiderit
1366 3180 1479 3220 noram.

132 3263 186 3310 cst.
1009 3251 1099 3309 Verba
1112 3253 1195 3309 etiam
1218 3253 1381 3308 contmutita
1398 3254 1560 3320 interserat,
1574 3269 1636 3325 quae
1650 3263 1755 3310 mentes

169 3340 248 3399 Unde
262 3342 394 3400 D0ffllnus
411 3363 418 3398 ²
434 3343 512 3409 Qvod
533 3344 627 3399 dictu!
640 3341 812 3413 iacilntlwd
835 3351 923 3395 antem
973 3343 1131 3409 emolliant,
1147 3353 1174 3398 et
1188 3343 1324 3416 lacrymas
1348 3342 1467 3415 pariant.
1493 3342 1535 3397 Sit
1556 3353 1647 3399 autern
1672 3359 1762 3400 sermo

133 3438 248 3507 patiant,
262 3435 344 3490 nolite
355 3436 441 3506 facere
453 3435 562 3508 (Matri.
576 3436 667 3504 tarra).
681 3435 751 3490 Sunt
764 3442 855 3489 autem
868 3441 923 3488 trus
974 3435 1196 3505 compendiosus,
1211 3449 1245 3489 ne
1256 3434 1399 3504 prolixitas
1410 3434 1502 3505 pariat
1516 3433 1667 3490 fastidium.
1681 3433 1762 3490 Post·

134 3530 241 3599 species
253 3527 474 3600 praedicationis3
488 3544 542 3582 una
555 3536 665 3597 quaeest
678 3525 705 3580 in
718 3523 811 3590 terito,
825 3523 922 3592 deuna
977 3541 1061 3599 quam
1080 3535 1171 3582 autern
1197 3526 1360 3596 praedicator
1375 3524 1550 3596 perpenderit
1572 3525 1679 3581 animos
1702 3540 1763 3581 esse

132 3623 234 3677 uiuitur
249 3638 256 3675 :
271 3619 322 3688 lte,
336 3620 478 3689 predicate
496 3618 669 3688 Eutrapeiium
689 3615 760 3671 omni
782 3625 922 3679 creaturae,
974 3616 1112 3684 mollitos,
1136 3624 1165 3671 et
1181 3615 1318 3686 profluere
1333 3615 1487 3686 lacrymas,
1504 3630 1538 3671 ac
1560 3614 1652 3670 tultus
1670 3614 1762 3668 lrunri·

132 3724 187 3768 etc.
203 3711 301 3783 (tlara.
325 3710 393 3780 atr.)
409 3711 469 3765 atta
492 3718 532 3765 est
547 3711 575 3763 in
589 3708 702 3779 scripto,
716 3706 788 3761 unde
805 3706 924 3776 ttposto-
973 3707 1053 3773 liari,
1068 3707 1149 3762 debet
1164 3706 1366 3776 aliquantulum
1391 3705 1554 3772 immorari,
1580 3705 1626 3761 sed
1643 3721 1698 3761 non
1720 3707 1764 3759 ni·

133 3805 179 3860 las
188 3804 255 3859 dicit
267 3819 297 3859 se
309 3803 472 3873 predicasse
485 3799 635 3856 Corinthiis
646 3796 674 3869 (1
685 3797 748 3854 Cor.
760 3796 798 3866 r),
808 3795 872 3866 qrria
883 3796 923 3851 eis
973 3799 1043 3865 nris3
1058 3798 1123 3867 quia
1138 3806 1169 3852 ut
1181 3798 1248 3853 dicit
1260 3797 1426 3854 Lucretius:
1446 3816 1457 3850 a
1475 3795 1548 3853 Nilril
1567 3797 1650 3853 eitius
1662 3796 1763 3853 arescit
1811 3848 1816 3854 ,

133 3896 267 3965 epistulas
290 3895 408 3964 scripsit.
423 3894 482 3949 Alia
503 3895 587 3950 estin
614 3889 696 3958 iacto,
712 3887 785 3944 unde
799 3888 921 3944 dicitur:
974 3891 1105 3958 lacryma.
1124 3907 1134 3940 r

136 3987 231 4042 Orunia
245 3986 343 4043 Girriati
357 3988 427 4041 aerio
437 3994 529 4040 nostru
539 3993 578 4040 est
592 3984 741 4038 instructio.
757 3979 821 4037 llaec
831 3989 923 4036 autem
1009 3979 1037 4034 ln
1054 3981 1108 4034 line
1124 3994 1207 4043 vero.
1224 3980 1304 4035 debet
1318 3979 1357 4034 uti
1377 3978 1527 4048 exemplis,
1543 3976 1762 4048 adprobandum

134 4080 217 4135 debet
229 4095 290 4137 esse
305 4079 392 4135 forma
408 4078 619 4151 praedicationis,
632 4084 661 4130 ut
675 4074 783 4130 initium
799 4080 924 4129 sumatur
974 4073 1050 4143 quod
1074 4071 1207 4137 intendit,
1229 4070 1293 4141 quin
1312 4068 1456 4124 familiaris
1473 4077 1517 4125 est
1531 4067 1656 4123 doctrina
1670 4082 1762 4123 exent-

134 4173 173 4229 ab
186 4174 351 4229 auctoritate
370 4170 535 4241 theologica,
550 4179 682 4240 uuquam
708 4183 723 4222 a
741 4182 792 4222 sno
812 4163 924 4236 proprio
973 4163 1068 4235 pluris.
1085 4161 1166 4218 l’erbi
1181 4162 1287 4233 gratia:

134 4264 316 4321 irrndamento
330 4284 338 4319 a
353 4263 472 4318 maxime
484 4263 520 4317 ab
533 4259 700 4331 Erangcllis,
713 4258 843 4322 Psalmis,
860 4254 924 4325 Epi·
1284 4248 1401 4305 eaput
1422 4247 1454 4304 ll.

134 4358 217 4412 stolis
229 4354 305 4411 Pauli
316 4364 343 4410 ct
357 4355 436 4411 libris
451 4352 615 4409 Salomonis.
629 4351 698 4420 Quia
712 4352 740 4406 in
758 4350 801 4405 his
819 4348 924 4420 specia·
1205 4343 1242 4400 De
1260 4342 1353 4396 nruudi
1368 4348 1529 4410 contempla.

136 4447 200 4502 liter
223 4447 338 4502 resultat
364 4445 477 4501 moralis
502 4445 658 4499 instructio.
683 4441 721 4497 De
747 4440 808 4495 aliis
823 4438 962 4508 ergu⁸'ll
1013 4438 1041 4494 sl
1059 4436 1225 4492 Praedicator
1249 4435 1308 4489 ruit
1331 4433 1447 4488 inritare
1465 4433 1604 4489 auditores
1619 4434 1653 4488 ad
1668 4432 1762 4489 rotrodi

135 4537 217 4592 libris
231 4552 317 4593 sacrae
336 4537 444 4608 paginae
456 4534 597 4593 sumendae
619 4543 683 4590 sunt
698 4531 885 4599 auctoritates,
901 4531 924 4587 si
976 4536 1175 4597 contemptum,
1186 4526 1214 4580 in
1227 4525 1347 4581 medium
1361 4524 1431 4579 nanc
1442 4522 1537 4579 alierat
1551 4526 1739 4581 auctoritatem
1754 4543 1762 4579 :

135 4629 241 4684 luerint
252 4629 424 4694 necessariae,
438 4635 465 4684 et
480 4626 514 4682 ad
530 4627 700 4697 propositum
712 4625 804 4681 utiles.
982 4620 1092 4675 Vertitur
1103 4619 1263 4682 sonitatum,
1275 4626 1299 4671 et
1312 4617 1401 4670 omerio
1415 4617 1529 4683 nouitas,
1544 4623 1596 4671 etc.
1613 4614 1715 4686 (Erote.
1729 4620 1762 4682 a.)

171 4717 652 4790 Consequentcr‚praedicatordelret
672 4725 783 4786 captare
809 4719 926 4773 benetu-
975 4712 1043 4780 Quae
1069 4712 1143 4768 enim
1168 4710 1320 4766 auctoritas
1344 4709 1382 4763 ita
1410 4708 1534 4763 insinuat
1560 4693 1762 4763 mundanarum

137 4810 250 4866 lentiam
266 4811 449 4866 auditurunra
464 4808 574 4880 propria
586 4823 705 4879 persona
723 4824 772 4880 per
787 4809 926 4865 lrumilita-
977 4817 1071 4858 rerum
1096 4801 1261 4865 uanitatem,
1293 4806 1321 4853 et
1346 4796 1489 4852 hunrinum
1505 4795 1653 4861 uilitatem,
1672 4800 1763 4854 ournia

136 4915 192 4959 tem
202 4944 210 4970 ,
221 4912 249 4959 ct
263 4919 278 4958 a
295 4903 333 4959 rei
347 4919 430 4973 quarn
450 4902 579 4972 proponit
601 4901 736 4968 utilitate,
757 4902 884 4970 dicendo,
896 4919 925 4960 sa
977 4910 1039 4952 esse
1053 4893 1170 4961 lubrica,
1185 4901 1213 4948 et
1227 4890 1302 4946 nulla
1314 4889 1433 4956 stabilia,
1447 4888 1519 4944 sicut
1532 4888 1682 4944 auctoritas
1697 4888 1765 4944 istal

135 4996 173 5050 iis
188 5009 343 5064 proponere
363 4993 476 5048 terbum
503 4991 561 5058 llei,
586 4999 616 5045 ut
642 4989 761 5046 fructum
788 4990 871 5047 saciat
897 4990 924 5045 in
976 4984 1059 5042 iuxta
1074 4982 1368 5047 hancauctnritatem,
1392 4979 1473 5036 debet
1486 4980 1655 5051 distinguere
1674 4979 1764 5048 tripli·

78 5082 82 5097 '
135 5084 400 5150 merniuuseorum,
426 5082 531 5138 nonad
547 5082 924 5148 terrenumemolumentum,
978 5092 1038 5133 cem
1054 5074 1151 5131 mundi
1174 5074 1335 5128 uarritatem.
1351 5070 1485 5127 listenim
1506 5067 1765 5126 tanitasmutabili·

136 5174 187 5231 sed
203 5173 238 5229 ad
259 5184 419 5246 protectum
433 5182 462 5229 et
475 5171 628 5243 proiectum
644 5186 756 5239 eorum;
773 5188 827 5228 nou
851 5171 924 5243 quod
977 5169 1058 5233 tatis,
1074 5166 1180 5222 vanius
1197 5164 1382 5230 curiositatis,
1393 5171 1421 5218 et
1436 5163 1542 5217 vanitas
1555 5160 1693 5216 falsitatis.
1708 5154 1763 5214 lla-

135 5267 268 5323 inanibus
282 5266 355 5338 uulgi
366 5265 532 5323 clamoribus
540 5266 685 5333 excitetur,
697 5280 751 5320 non
763 5266 836 5336 qnod
849 5264 926 5319 laro—
979 5264 1052 5318 nitas
1067 5259 1260 5317 mutabilitatis
1279 5264 1342 5322 est,
1358 5255 1510 5313 secumdum
1525 5268 1607 5324 quam
1628 5250 1763 5307 naturali·

784 5396 900 5453 lellAE
918 5393 1120 5451 merlonus.

176 5515 201 5547 ⁸⁸
215 5512 249 5568 ln
263 5515 318 5571 alio
333 5517 393 5570 sic:
411 5516 444 5569 ad
463 5515 593 5571 ma'orem
609 5514 772 5571 christianae
795 5511 936 5581 religionis
951 5511 1071 5565 landem.
1109 5509 1224 5565 ”Falsa
1247 5509 1425 5565 concludunt.
1463 5505 1486 5537 ⁸²
1506 5501 1647 5572 Scriptura
1665 5500 1760 5556 Taren.

139 5602 167 5641 rr
191 5531 694 5653 noiet,catrrlossuos.''⁸lnlipnnt.
733 5584 756 5615 ⁸⁸
769 5583 838 5649 Quia
864 5580 986 5646 allectus,
1010 5592 1075 5645 etc..
1101 5596 1155 5634 non
1182 5581 1317 5634 dividunt.
1355 5579 1378 5610 ⁸¹
1403 5575 1531 5644 lnligunt.
1569 5573 1592 5605 ⁸⁸
1611 5571 1642 5625 lu
1661 5571 1765 5626 aliolrr'e

139 5654 524 5788 gdjgnossurgsgdglozancirlyomgs
548 5663 666 5711 moueat.
704 5654 739 5725 ,⁸¹
766 5651 865 5707 Etiam.
908 5651 932 5684 ⁸⁸
950 5648 983 5706 ln
1004 5651 1058 5704 aliu
1083 5651 1146 5704 sic:
1165 5649 1233 5716 Quis
1257 5658 1299 5705 est
1325 5647 1371 5717 qui
1401 5645 1534 5715 loquitur.
1574 5642 1597 5677 ⁸’
1616 5640 1763 5712 decipitur.
