3992 6042
163 256 216 313 080
488 240 491 245 ⁴
553 240 819 306 DlSle'CTlDNES
836 246 1030 305 DlCTlONUll
1048 245 1225 304 110101.-
1243 243 1381 298 alit-aut
1729 251 1782 307 690

162 368 332 443 perditionis.
352 366 454 425 Omnes
469 363 680 435 significationes
693 378 763 433 quas
778 362 862 418 habet
884 363 944 418 lraec
959 367 983 424 A
996 360 1055 417 lum
1065 374 1152 424 mare,
1173 357 1200 412 ld
1218 366 1261 414 εει
1273 357 1460 428 saeeulumper
1475 367 1643 428 assumptam
1655 360 1783 418 bumani-

164 460 322 533 praepositio
340 476 367 526 a,
382 458 464 513 babet
476 456 529 513 ista
549 455 707 526 prepositis
721 455 766 510 ab.
778 452 831 510 Sed
846 462 948 510 notan·
998 462 1082 509 tatem
1096 452 1248 522 ingressus,
1261 449 1308 504 sed
1321 449 1403 503 etiam
1416 465 1464 520 per
1474 466 1534 506 eam
1545 459 1642 521 sponte
1654 453 1682 507 in
1694 464 1783 510 morte

164 558 232 608 dum
254 549 327 622 qaod
346 548 457 604 ababet
470 547 596 617 praeponi
611 544 780 603 dictionibus
793 544 948 615 incipienti·
997 544 1114 617 positus,
1129 555 1217 612 usque
1236 539 1272 595 ad
1294 539 1390 594 ultima
1411 539 1522 608 inferni,
1540 540 1619 612 quasi
1635 540 1670 597 ad
1685 557 1784 613 magno

164 642 216 699 bus
231 648 440 703 aeonsonante;
453 636 485 690 ab
500 635 582 692 babet
596 634 718 706 praeponi
730 633 897 690 dictionibus
907 633 950 689 in·
998 634 1135 706 profunda
1148 629 1289 698 descendi,
1305 640 1330 684 et
1343 632 1370 684 in
1383 632 1534 687 nouissimis
1545 631 1635 702 abyssi
1648 632 1779 689 deambu-

164 729 328 802 cipicntibus
342 743 358 784 a
370 726 470 783 vocali.
488 724 522 782 Et
535 726 700 798 quandoque
720 722 752 778 ab
773 723 885 794 ponitur
898 739 948 794 pro
998 726 1064 783 lari.
1081 725 1159 781 Sicut
1179 737 1314 795 aquarum
1339 723 1457 792 abyssus
1474 724 1550 779 nulia
1566 732 1661 780 nostra
1678 724 1785 782 risione

165 821 238 886 sine,
254 819 329 873 unde
348 817 377 873 in
391 816 496 874 Catone
520 833 529 873 e
550 813 616 871 Noti
643 814 725 869 irasci
749 814 782 868 ab
801 829 839 880 re,
861 813 887 868 id
907 823 950 869 εει
999 812 1249 887 comprehenditur,
1267 811 1303 866 ita
1317 817 1345 865 ει
1362 808 1470 865 occulta
1487 808 1587 868 inferni
1602 812 1679 869 nullo
1698 827 1713 867 a
1734 829 1785 869 na

166 911 226 966 sine
239 909 394 966 occasione.
999 905 1044 961 bis
1069 918 1152 960 sensu
1177 901 1352 974 cogitationis
1381 909 1572 972 penetrantur,
1598 911 1652 959 etc.
1677 902 1783 960 Dicitur

200 1000 289 1067 Abies,
298 999 415 1070 proprie,
425 996 749 1067 diciturcuntemplator;
763 996 837 1053 aude
847 994 947 1051 isaias:
999 994 1115 1052 rationis
1138 999 1265 1050 humanae
1275 992 1419 1062 iudicium,
1434 993 1507 1050 unde
1519 992 1547 1049 in
1558 993 1668 1050 Psalmo
1683 997 1787 1067 :Abys-

165 1088 268 1144 Poaom
281 1089 309 1143 in
324 1088 587 1144 desertamabs‘etens.
600 1087 811 1154 Abies,ratione
825 1086 950 1142 sublimi·
1000 1103 1046 1141 sus
1065 1085 1190 1156 abyssum
1218 1084 1334 1138 inuocat.
1368 1081 1491 1155 abyssus
1514 1098 1633 1155 namque
1655 1085 1786 1157 abyssum

165 1180 241 1248 tatis,
254 1177 482 1248 contemplatores
492 1177 638 1248 significat,
653 1178 700 1248 qul
716 1176 805 1233 adbuc
822 1176 849 1231 in
865 1186 950 1231 terre·
1000 1176 1128 1233 invocare
1140 1185 1183 1232 εει
1193 1173 1372 1245 deiudiciuin
1379 1175 1515 1245 judicium
1524 1176 1676 1247 pertenire.
1686 1175 1786 1246 inpen-

165 1269 210 1326 nis
224 1268 385 1339 corporibus
399 1268 480 1338 positi
491 1268 612 1324 colestia
633 1268 863 1337 contemplantur.
878 1263 951 1321 Dici·
1001 1277 1063 1323 cato
1074 1267 1146 1323 enim
1160 1266 1324 1337 quodbomo
1335 1265 1490 1332 committit,
1505 1273 1601 1322 contra
1612 1266 1786 1338 seiudieium

166 1367 212 1417 tur
233 1361 315 1416 etiarn
330 1360 537 1430 contemplatio,
553 1360 626 1415 unde
643 1357 728 1414 isaias
744 1375 751 1411 :
764 1356 817 1411 Pro
829 1356 951 1413 saliunca
1003 1374 1061 1414 suas
1074 1356 1311 1424 rationisinuenit,
1323 1366 1351 1412 et
1363 1366 1424 1429 post
1436 1355 1469 1412 ad
1481 1356 1684 1428 iudicisaeterni
1693 1359 1792 1416 distri-

165 1449 285 1505 aseerrdit
295 1452 378 1517 abies,
392 1450 457 1506 duna
470 1450 499 1503 in
515 1459 674 1504 sanctorum
695 1448 822 1504 cordibus
837 1462 887 1517 pro
902 1446 951 1501 ab·
1001 1449 1119 1506 ctionem
1138 1446 1310 1517 producitur,
1325 1447 1402 1520 [nisi]
1419 1448 1448 1502 in
1461 1449 1516 1503 vita
1533 1463 1584 1505 sua
1599 1458 1784 1507 corruertatur.

163 1541 285 1612 iectione
311 1550 428 1595 terrenae
450 1540 625 1610 cogitationis
650 1539 737 1595 oritur
763 1539 879 1594 altitudo
903 1552 951 1594 su·
1000 1538 1106 1595 Dicitur
1115 1539 1196 1594 etiam
1205 1538 1448 1609 profundadiaboli
1459 1539 1572 1608 astutia,
1584 1539 1658 1596 uude
1669 1540 1697 1596 in
1712 1539 1784 1598 lob:

165 1645 258 1701 pernae
265 1630 513 1700 contemplationis.
522 1627 717 1685 Dicituretiam
728 1628 950 1697 eoelestisrirtus,
1002 1628 1078 1685 Sicut
1088 1628 1240 1699 sarperiicies
1256 1630 1344 1700 abyssi
1359 1630 1540 1701 restrinqitssr,
1550 1631 1614 1701 quia
1624 1631 1786 1701 quasiboso

166 1720 237 1776 sicut
261 1735 311 1791 per
330 1721 490 1791 prophetam
514 1719 549 1776 de
565 1728 689 1791 apostata
713 1721 809 1791 angelo
823 1720 924 1776 dieitur
940 1736 947 1771 :
964 1703 986 1761 ii
1001 1721 1189 1791 persuasionis
1203 1720 1264 1791 eius
1279 1720 1395 1790 species,
1414 1721 1480 1777 dum
1499 1722 1572 1777 uelut
1594 1723 1681 1781 solida
1704 1723 1787 1779 desu-

166 1809 246 1866 Cedrs'
260 1827 312 1865 non
327 1810 435 1881 [uerum
455 1810 564 1865 altiores
582 1812 610 1864 iu
629 1810 756 1882 paradise
768 1809 829 1878 Dei,
853 1811 950 1865 abietes
1001 1827 1051 1883 per
1063 1813 1166 1883 glacies
1183 1812 1350 1879 ostenditur,
1364 1814 1392 1869 in
1404 1813 1539 1883 profunda
1555 1814 1643 1871 latens
1656 1815 1717 1885 ejus
1728 1829 1787 1871 ma·

165 1917 219 1957 aon
231 1901 435 1972 adaquaverunt
445 1902 625 1956 summitatem
637 1901 712 1972 eius,
726 1901 790 1971 quia
805 1900 895 1957 eaeteri
906 1914 953 1955 aa·
1002 1902 1060 1958 litia
1073 1917 1129 1957 non
1143 1902 1263 1958 ridetur.
1286 1901 1393 1958 Dicitur
1405 1919 1453 1959 cor
1471 1905 1549 1975 praui
1567 1905 1698 1974 bominis,
1714 1906 1786 1961 uude

165 1991 218 2063 geli
230 1988 359 2047 lucifero
373 1991 401 2045 in
414 1992 546 2063 dignitate
557 2006 637 2061 pares
651 2005 706 2045 uon
722 1988 844 2045 luerunt.
1003 1992 1031 2047 ln
1043 1991 1095 2047 iub
1108 2010 1116 2046 :
1130 1992 1246 2062 abyssus
1255 1994 1324 2047 duait
1336 2011 1346 2049 .·
1359 1991 1421 2048 Non
1431 2003 1469 2048 est
1478 1996 1506 2047 ia
1518 2011 1577 2060 me,·
1592 1996 1729 2067 eleganter
1739 2010 1787 2053 eor

204 2080 285 2135 Abire
302 2080 412 2151 proprie
429 2090 507 2138 namt
522 2090 628 2136 motum
645 2080 760 2136 localem
777 2081 811 2136 de
829 2080 890 2137 loco
909 2081 952 2137 rel
1002 2096 1116 2153 prauum
1135 2082 1252 2153 abyssus
1266 2082 1376 2149 dicitur,
1392 2084 1455 2153 qaia
1472 2084 1640 2153 perlapsum
1661 2084 1787 2152 fluidum,

166 2167 249 2224 etiam
263 2183 400 2224 recessum
411 2186 419 2236 3
431 2170 505 2224 unde
516 2169 594 2237 abiit,
603 2169 630 2224 id
642 2178 683 2225 εει
693 2169 727 2225 ab
741 2169 787 2226 illo
798 2170 859 2226 loco
868 2184 954 2227 reces-
1002 2181 1030 2228 et
1044 2186 1093 2244 per
1106 2171 1273 2242 duplicitatis
1286 2172 1430 2242 caliginem
1448 2180 1491 2228 ast
1509 2173 1697 2230 tenebrosum.
1714 2174 1788 2230 Dici·

166 2262 213 2317 sit.
232 2258 316 2316 Notat
337 2275 477 2318 recessum
501 2262 658 2330 mentalem,
681 2262 803 2318 undein
823 2261 951 2318 inorme:
1003 2271 1049 2318 tur
1060 2271 1264 2329 testamentum,
1276 2263 1348 2319 uude
1359 2264 1386 2317 in
1399 2263 1654 2334 Psalmordbpssus
1664 2265 1789 2336 abyssum

166 2353 243 2407 Dicit
262 2352 341 2408 iesus
357 2353 496 2424 discipulis
516 2356 573 2410 sais
593 2368 603 2407 .·
620 2352 674 2419 Qui
703 2355 953 2409 manducatorem
1004 2353 1118 2420 invocat,
1141 2352 1226 2409 idest
1245 2369 1330 2408 unum
1355 2361 1547 2409 testamentum
1573 2353 1621 2408 alii
1644 2364 1787 2421 consonat,

166 2459 284 2508 carrum,
294 2453 347 2499 etc.
369 2443 451 2499 liniti
464 2460 524 2515 erpo
544 2445 681 2499 audientes
699 2459 732 2499 ea
743 2445 882 2514 discipulis
895 2445 952 2515 ejas
1004 2445 1079 2515 quod
1092 2443 1339 2515 eleganterdicitor
1354 2443 1480 2515 abyssos,
1499 2443 1564 2514 quia
1579 2443 1607 2499 in
1622 2452 1738 2514 utroque
1749 2455 1792 2499 te-

166 2534 315 2590 aiaemm:
332 2533 423 2588 Durus
438 2543 477 2589 est
489 2535 532 2590 trie
545 2550 641 2604 sermo,
661 2536 720 2605 quis
731 2544 815 2606 potest
825 2552 885 2590 eum
900 2552 952 2589 au·
1004 2544 1140 2592 eramento
1161 2535 1247 2590 molta
1261 2535 1348 2590 latent
1364 2550 1425 2605 quae
1436 2535 1512 2592 nulio
1526 2536 1609 2593 modo
1623 2536 1726 2592 bomini
1742 2553 1791 2607 pa-

167 2621 243 2679 diret
258 2633 283 2677 et
297 2625 429 2692 abierunt,
439 2639 493 2681 non
509 2625 642 2693 localiter,
654 2624 702 2682 sed
717 2626 880 2682 mentaliter.
895 2624 951 2682 No·
1004 2634 1072 2680 tent.
1095 2624 1201 2681 Dicitur
1226 2627 1307 2681 etiam
1329 2627 1495 2696 persecutio,
1516 2626 1589 2682 unde
1612 2627 1640 2681 io
1657 2625 1791 2684 Psalmo:

167 2720 207 2767 tat
223 2713 378 2770 discursum
397 2729 446 2784 per
460 2715 536 2780 uitia,
549 2713 622 2770 unde
635 2715 663 2770 in
678 2713 826 2788 Evangelio
839 2716 873 2772 dc
888 2731 954 2788 pro·
1004 2718 1121 2788 abyssus
1134 2718 1203 2773 sicat
1216 2719 1398 2773 uestimentum
1410 2719 1522 2772 antistas
1534 2718 1612 2788 ajam·
1625 2718 1704 2788 quasi
1716 2720 1791 2774 dice·

167 2802 232 2875 dign
248 2804 296 2874 qui
313 2803 379 2859 abiit
394 2807 422 2858 in
441 2805 571 2876 repionem
591 2804 773 2876 lonqinquom.
789 2804 871 2862 Notat
887 2822 953 2861 eou-
1004 2821 1063 2866 rct:
1077 2808 1140 2864 Non
1154 2808 1329 2863 inclinabitur
1340 2810 1367 2864 in
1381 2808 1509 2865 seculum
1524 2809 1626 2876 seculi,
1639 2810 1791 2881 lieetubys-

168 2912 280 2954 serrsum
294 2898 322 2955 in
341 2900 455 2967 malum,
469 2901 542 2957 uode
552 2900 581 2956 ia
598 2899 735 2973 principio
748 2897 923 2955 Psalmoruaa
943 2919 951 2955 :
1005 2913 1053 2954 sus
1074 2906 1282 2969 persecutorum
1302 2899 1339 2955 sit
1353 2901 1471 2957 amiotus
1485 2900 1546 2970 eius
1561 2899 1634 2956 sieut
1644 2901 1791 2956 uestimen-

166 2988 266 3045 Beatus
277 2992 317 3044 air
330 2992 374 3061 qui
391 3008 443 3047 non
457 2991 534 3048 abiit.
964 2994 1074 3076 ctum.
1094 2985 1200 3043 Dicitur
1218 3003 1296 3044 mens
1311 2989 1465 3059 desperata,
1484 2990 1556 3046 unde
1570 2991 1597 3046 in
1611 2989 1664 3047 lob
1681 3005 1689 3043 :
1712 2990 1792 3045 Nan·

202 3079 382 3147 Absinttrium,
390 3081 511 3151 proprie,
519 3080 619 3136 dicitur
632 3080 757 3137 diabolus
767 3079 873 3139 ratione
881 3095 954 3135 ama·
1003 3076 1067 3146 quid
1076 3077 1208 3147 inpressos
1222 3093 1249 3131 es
1263 3077 1426 3148 profondum
1436 3081 1520 3134 aroris
1530 3082 1542 3135 i
1551 3081 1626 3137 blara
1635 3082 1736 3153 quippo
1749 3092 1794 3137 εει

167 3169 308 3236 titudinis,
326 3170 405 3242 cuius
418 3185 511 3226 amara
530 3178 572 3227 est
585 3170 720 3238 doctrinm
735 3170 809 3227 unde
829 3171 857 3225 in
877 3170 953 3240 Apo·
1004 3178 1083 3221 meras
1112 3166 1243 3234 bumana,
1262 3166 1342 3237 cuius
1370 3167 1507 3237 protunda
1530 3169 1602 3227 Deus
1622 3173 1790 3241 ingreditur,

167 3261 270 3332 calypsi
283 3279 291 3317 ι
306 3259 342 3315 Et
362 3277 455 3317 nomen
467 3261 551 3317 steila
567 3260 668 3316 dieitur
681 3259 855 3328 absinthium,
869 3260 896 3315 id
911 3267 954 3315 εει
1003 3253 1113 3324 quando
1137 3253 1220 3310 homo
1241 3269 1290 3325 liet
1312 3256 1504 3327 cogitabonem
1524 3272 1603 3313 suam
1619 3274 1652 3315 ae
1670 3259 1791 3317 lamenta

167 3352 302 3410 diabolus.
313 3352 418 3409 Dicitur
429 3367 522 3409 amara
540 3353 680 3420 doctriaa;
696 3353 768 3409 unde
782 3352 900 3408 ibidem:
916 3350 953 3407 Es
1003 3346 1219 3427 penitentiam
1237 3347 1342 3404 intimis
1365 3348 1790 3420 cogitationibus‘perturbatur;

168 3443 242 3513 [acta
259 3451 297 3497 est
324 3445 403 3497 tertia
428 3460 490 3513 pars
513 3460 643 3516 aquarum
666 3442 840 3510 absinthium,
864 3442 954 3500 idest
1003 3437 1113 3509 quando
1126 3437 1227 3508 prioris
1240 3438 1302 3493 vitae
1323 3438 1458 3508 nequitias
1471 3438 1506 3494 ad
1528 3440 1690 3497 memoriam
1708 3442 1792 3499 redu-

169 3547 263 3588 amara
279 3532 415 3588 doctrina.
442 3531 547 3587 Dicitur
565 3535 649 3588 etiarn
668 3549 760 3604 prena,
786 3533 860 3590 unde
875 3532 953 3590 iere-
1004 3528 1051 3594 cit,
1066 3526 1244 3584 fluctuantem
1259 3526 1287 3581 in
1306 3525 1479 3583 couiessione
1490 3540 1539 3582 sua
1552 3528 1675 3584 animum
1687 3544 1792 3586 conou-

168 3624 240 3680 ruias
256 3644 263 3681 :
280 3624 414 3679 absinthii
428 3634 454 3680 ει
471 3624 618 3694 [ειιίε,ειε.
1004 3619 1046 3675 tit.
1062 3616 1231 3674 Profundum
1243 3617 1328 3674 maris
1339 3616 1413 3673 Deus
1435 3625 1570 3688 penetrat,
1590 3620 1723 3690 quoniam
1741 3621 1792 3678 de·

204 3715 310 3786 Absque
332 3716 444 3785 ponitur
464 3729 515 3785 pro
531 3725 616 3780 estro,
638 3714 710 3770 unde
731 3715 759 3769 in
781 3714 952 3786 Evangelio:
1004 3719 1114 3780 sperata
1133 3712 1216 3766 eorda
1230 3718 1379 3780 permutat.
1402 3708 1461 3767 Hoc
1482 3720 1575 3768 autem
1596 3727 1673 3768 mare
1694 3714 1790 3783 intrat,

170 3807 275 3878 Absque
289 3807 431 3877 synaqaqs's
452 3806 550 3874 sacient
572 3822 627 3872 uos,
644 3806 727 3862 idest
743 3814 820 3862 extra
838 3822 955 3878 synago·
1004 3800 1116 3871 0111111110
1133 3814 1182 3857 001
1206 3800 1337 3857 8030111010
1351 3801 1497 3870 1101011101;
1513 3801 1682 3873 profundum
1706 3804 1792 3861 11111118

168 3915 242 3971 gam.
256 3896 425 3969 Quandoque
440 3896 552 3969 ponitur
569 3910 619 3966 pro
633 3897 700 3964 sine,
713 3897 786 3952 uude
805 3895 857 3954 tob
873 3897 954 3953 :Dies
1004 3889 1169 3962 ingreditur,
1183 3890 1294 3961 quando
1306 3889 1625 3949 risitarementesetiam
1640 3894 1791 3952 sceleribus

171 3993 221 4046 mei
241 3990 355 4046 uelocius
374 3991 537 4045 transierunt
549 4006 629 4062 quam
640 4007 657 4045 a
668 3999 768 4047 texente
783 3990 879 4062 absque
896 3990 954 4047 uilo
1003 3995 1179 4053 0181118100
1196 3980 1369 4051 dedidssiiurt
1386 3983 1459 4039 unde
1477 3984 1603 4056 1001111111·
1621 3985 1677 4041 :Et
1694 3988 1724 4042 itt
1736 3982 1792 4042 “tro-

170 4100 225 4155 φρ,
243 4081 418 4140 Notateiiam
432 4092 540 4155 proeier,
561 4083 634 4138 unde
647 4084 675 4136 in
688 4081 809 4139 flaminis
827 4099 834 4134 2
851 4081 955 4153 Absque
1004 4072 1111 4127 Diitimo
1125 4072 1213 4143 abyssi
1223 4071 1421 4131 deambulasti?
1436 4073 1558 4147 Abyssus
1576 4084 1620 4133 081
1632 4092 1711 4135 mette
1729 4093 1792 4136 800·

170 4175 280 4245 eoquod
293 4175 452 4230 intrinsecus
470 4173 546 4228 iaset.
1004 4165 1090 4223 lerata
1112 4182 1184 4237 quar,
1209 4165 1275 4222 dum
1294 4166 1469 4238 semetipsam
1482 4169 1716 4239 comprehendere
1734 4187 1790 4229 non

206 4266 323 4339 abyssus
357 4266 458 4322 dicitur
481 4263 591 4337 proprie
610 4279 746 4337 aquarum
769 4266 953 4337 profunditas,
1004 4258 1087 4325 ualet,
1112 4272 1173 4314 sese
1193 4256 1221 4313 in
1237 4271 1320 4312 omne
1333 4257 1407 4328 quod
1419 4266 1462 4314 cst
1486 4258 1562 4314 uelut
1575 4259 1693 4318 obseura
1710 4261 1792 4335 abys

171 4359 243 4415 unde
256 4358 285 4414 in
301 4358 396 4415 Exodo
413 4376 420 4413 :
435 4358 530 4429 abyssi
542 4366 765 4427 operuerunteom
784 4358 956 4429 profunditas
971 4366 1055 4424 psus
1074 4351 1158 4416 latet;
1172 4350 1200 4404 in
1212 4348 1369 4407 novissimis
1381 4364 1446 4420 ergo
1460 4349 1553 4423 abyssi
1563 4351 1739 4409 deambulare
1748 4361 1793 4409 εει

171 4465 305 4522 aquarum
323 4449 424 4505 dicitur
444 4449 561 4521 abyssus
585 4449 665 4520 quasi
678 4448 739 4505 sina
752 4449 845 4521 bysso,
867 4450 894 4506 id
912 4459 955 4507 εει
1007 4440 1090 4496 etiam
1104 4440 1336 4511 nequissimorum
1357 4439 1500 4496 bominum
1515 4441 1598 4498 corda
1619 4450 1794 4511 conuertere,

171 4542 232 4597 sine
244 4540 373 4597 candore.
390 4538 495 4595 Dicitur
508 4539 646 4594 mundana
660 4540 788 4595 machina
802 4549 885 4610 prout
895 4540 954 4612 pri·
1006 4540 1034 4587 ei
1046 4531 1204 4603 (1110011113
1224 4539 1328 4587 menies
1343 4530 1510 4587 visitationis
1523 4547 1581 4588 ⁵¹¹ae
1593 4533 1716 4607 vestigiis
1729 4543 1791 4590 tott-

171 4648 216 4687 mo
228 4630 279 4686 luit
298 4642 399 4699 creata,
417 4631 488 4686 unde
504 4630 531 4684 in
548 4630 668 4686 Genesi:
683 4629 806 4686 Tenebrae
827 4640 956 4686 erautsu·
1007 4625 1094 4695 gendo
1113 4623 1274 4680 mirabiliter
1296 4621 1457 4679 reformare.
1473 4624 1542 4679 Cum
1560 4623 1633 4683 enim
1656 4635 1719 4697 post
1737 4627 1790 4682 im·

170 4723 317 4795 periurium
328 4721 427 4793 abyssi.
440 4721 606 4777 blandanam
618 4721 772 4776 machinam
783 4729 864 4776 rocat
874 4721 955 4793 abys-
1007 4732 1102 4774 mensa
1114 4717 1217 4773 scelera
1226 4717 1415 4787 unusquisque
1426 4718 1628 4789 compungitur,
1644 4720 1709 4791 quid
1717 4718 1791 4776 aliud

171 4831 233 4871 sum
244 4823 355 4887 propter
367 4815 410 4870 sui
422 4812 613 4869 confusionem
622 4820 650 4868 ει
662 4811 869 4880 obscuritatem
884 4811 956 4869 unde
1006 4826 1089 4883 quam
1114 4810 1142 4866 in
1163 4810 1324 4868 novissimis
1344 4811 1437 4883 abyssi
1459 4811 1651 4869 deambulasse
1664 4812 1792 4868 ridetur?

170 4921 231 4962 msa
247 4907 358 4964 Graecus
375 4905 455 4960 cbaos
471 4904 551 4972 dixit,
576 4905 650 4977 quod
668 4914 711 4962 est
731 4903 861 4973 confusia.
880 4903 955 4959 Dici·
1007 4903 1113 4959 Dicitur
1130 4903 1246 4975 abyssus
1259 4902 1343 4958 bomo
1363 4904 1515 4961 secuudum
1535 4903 1618 4959 aliam
1639 4903 1791 4974 expositio·

170 5007 217 5056 tur
229 4998 408 5056 corbominis
422 4997 588 5069 profundum
602 5005 630 5053 et
641 4995 829 5061 inscrutabile,
841 4996 913 5051 unde
927 4995 955 5051 in
1006 5008 1069 5048 aem
1087 4993 1115 5048 in
1133 4992 1244 5048 Psalmo
1260 5009 1268 5049 :
1282 4993 1400 5064 abyssos
1421 4995 1545 5065 abyssum
1563 4994 1676 5059 inserat,
1701 4992 1728 5048 id
1749 5002 1791 5049 cst

172 5088 284 5147 Daniele
298 5108 306 5144 ε
325 5088 378 5154 Qui
391 5088 502 5144 intueris
520 5087 628 5158 abyssos
641 5096 667 5144 et
686 5084 759 5141 sedes
772 5100 852 5155 super
864 5084 957 5140 eberu-
1007 5083 1091 5140 bomo
1105 5083 1243 5140 bominem
1256 5083 1290 5138 ad
1307 5083 1392 5140 Deum
1406 5094 1498 5151 cocat,
1517 5085 1582 5140 dum
1596 5082 1701 5154 aliquid
1719 5084 1791 5140 veri·

172 5185 237 5253 iim,
257 5184 285 5241 id
301 5192 345 5242 est
356 5185 488 5240 scrumris
499 5183 628 5256 abyssum
640 5181 754 5238 bomani
766 5180 858 5238 cordis
870 5187 899 5237 ει
912 5194 957 5236 se·
1007 5172 1070 5228 111111
1081 5171 1221 5243 0111111010
1236 5180 1263 5227 ti
1278 5172 1477 5228 1101110111111111
1491 5170 1619 5243 1111115111,
1642 5173 1791 5243 0111111011·

171 5275 222 5332 (ips
232 5290 314 5346 stipiti·
325 5274 521 5345 plenitudinem
538 5273 670 5330 scieniiae.
686 5271 793 5329 Dicitur
808 5272 891 5327 etiarm
910 5286 957 5327 oc·
1008 5263 1077 5320 iiius
1094 5262 1213 5330 illorum,
1234 5264 1339 5330 00111001
1357 5262 1481 5318 vocantis
1495 5261 1653 5328 1011001111,
1667 5260 1790 5318 consciri

172 5367 247 5424 culta
277 5364 325 5421 Dei
346 5363 460 5436 iudicia,
492 5366 564 5421 uode
584 5365 612 5421 in
630 5363 740 5421 Psalmo
756 5382 764 5420 ε
778 5361 889 5418 iudicia
909 5370 956 5418 tua
980 5387 986 5398 ·
1007 5365 1107 5428 potest.
1123 5353 1370 5426 Prosuadammim
1382 5359 1422 5405 est
1433 5368 1479 5406 ear
1492 5351 1606 5407 bominis
1617 5360 1642 5406 et
1658 5352 1793 5407 inscruta-

173 5459 285 5532 abpssss
299 5456 394 5512 nrulto.
418 5456 523 5513 Dicitur
538 5457 675 5525 inleruus,
693 5456 764 5513 unde
782 5454 835 5513 lob
852 5472 859 5510 :
877 5455 956 5510 Nun·
1008 5450 1069 5517 bile,
1094 5460 1123 5506 ut
1144 5450 1173 5505 in
1189 5448 1309 5506 ieramia
1329 5446 1455 5502 babetur.
1480 5443 1584 5501 Dicitur
1604 5458 1696 5516 poena,
1713 5452 1743 5498 ut
1759 5444 1789 5500 ia

173 5552 238 5624 qaid
259 5552 391 5624 inpressas
404 5564 431 5604 es
444 5548 473 5602 in
485 5548 649 5621 profundum
661 5548 779 5604 morirer
795 5549 822 5602 in
845 5546 957 5602 anausi-
1007 5542 1117 5601 Psalmo
1135 5541 1290 5618 meandum
1316 5538 1398 5595 aliam
1421 5534 1622 5607 expositionem
1645 5553 1653 5591 ε
1670 5534 1789 5606 dipssus

174 5639 500 5718 marmaritanorum,
516 5640 595 5713 quasi
613 5640 685 5699 dicat
698 5658 705 5697 ι
718 5636 754 5696 Ut
771 5653 822 5712 epo
839 5654 893 5698 nou
909 5650 956 5697 sou
1009 5634 1133 5707 abyssum
1147 5634 1264 5700 inuocat,
1278 5630 1304 5686 id
1318 5637 1360 5686 est
1374 5643 1455 5699 poena
1474 5626 1577 5686 indicta
1595 5626 1712 5682 Adtrita
1727 5638 1790 5696 μιν
