3992 6042
125 234 179 293 055
638 218 652 233 “
732 221 968 285 ansotuutcAE
987 223 1155 284 nucum.
1697 234 1755 293 titt

125 362 209 421 reret,
223 352 379 411 italactunr
395 362 438 409 εει
452 350 501 409 liei
516 348 691 417 auctoritate,
708 346 783 420 quod
796 346 914 404 interior
928 349 951 408 Α
965 343 1035 401 th·
1069 342 1174 401 vall.
1209 345 1370 431 Nefml'fllff
1390 350 1540 432 ‚⁸¹¹ll2'50ll'l
1570 368 1660 410 ΝΜ
1687 357 1758 415 “⁴⁸⁹¹

125 465 210 507 causa
233 449 268 504 ad
285 447 339 504 boc
359 447 504 503 efficaciter
528 443 636 515 operari
659 458 715 498 nott
738 441 838 514 potuit,
863 455 914 498 nee
1158 426 1299 471 occasurus
1316 418 1451 489 rnsrrrorir
1464 437 1562 479 causoe.

125 540 279 611 impedire:
304 540 364 611 ipsa
378 538 488 610 quidem
503 552 552 608 W
566 537 720 593 liberatem
738 535 817 591 piperi
838 534 914 591 arbi.
1000 528 1094 587 Potest
1111 529 1185 585 enirn
1199 531 1324 604 superior
1339 549 1424 592 causa
1437 538 1539 610 regulae
1552 547 1659 599 natarrae
1675 543 1757 602 dero-

125 633 170 690 mi
185 633 274 704 poma
289 632 432 702 impeffioe,
447 646 482 686 ne
494 638 611 702 parere„
626 630 674 685 sep
689 643 744 684 „on
758 626 847 699 902„st
863 626 915 681 pm.
965 638 1040 694 gare.
1064 620 1141 679 Unde
1156 621 1277 680 llilarius
1289 623 1346 696 (bl)
1360 642 1368 679 ι
1384 625 1462 694 Quod
1480 627 1595 688 Creator
1608 630 1698 691 lactus
1714 645 1758 692 est

124 725 227 797 pedire,
243 724 310 795 qrrin
333 739 448 779 manens
458 722 535 794 virgo
555 732 646 778 ruente
660 729 688 778 et
704 735 820 791 corpore
835 733 914 789 pare·
964 722 1104 782 creatura,
1120 724 1234 771 nonest
1250 726 1354 773 naturae
1369 720 1451 784 ratio,
1476 722 1524 778 sed
1545 726 1690 794 potestatis
1708 743 1758 783 ex·

124 826 176 874 ret.
201 815 278 872 Unde
291 815 358 872 dicit
373 814 535 882 auctoritas,
556 814 631 886 quod
646 811 819 885 prophetiam
842 825 914 881 pre·
965 808 1066 880 ceptio.
1079 806 1157 864 llude
1172 818 1320 881 antequam
1337 808 1421 883 Virgo
1433 823 1550 881 pareret,
1562 815 1756 885 ξιιεεεεεειίιιιιι

124 908 316 965 destinationis
328 922 441 964 necesse
454 916 497 963 est
511 906 642 979 omnibus
658 904 747 961 modia
758 901 913 973 adimpleri,
964 909 1025 956 erat
1039 898 1180 973 Virginem
1206 917 1261 957 nou
1285 917 1393 973 parere.
1411 902 1481 959 lluic
1495 906 1651 964 necessitati
1673 924 1757 981 supe-

125 998 153 1054 id
172 1008 214 1054 εει
228 998 303 1054 nulla
325 997 452 1055 inferiori
470 1012 554 1054 causa
574 1006 664 1068 potest
678 994 815 1067 impediri.
829 992 915 1048 Sinai·
965 994 1024 1048 εἰει
1038 1008 1121 1049 causa
1139 994 1289 1065 derogavit,
1305 1009 1367 1049 cum
1391 995 1469 1066 virgo
1492 997 1609 1067 peperit.
1624 996 1758 1057 Similiter

123 1089 186 1146 liter
208 1090 309 1146 dicitur
329 1105 391 1146 esse
418 1089 522 1162 aliquid
555 1088 743 1146 uecessmium
769 1086 915 1157 dupliciter
965 1085 1064 1142 dicunt
1084 1087 1196 1157 quidam
1221 1086 1409 1143 necessarium
1433 1087 1520 1144 luisse
1543 1087 1677 1146 Lazarum
1700 1091 1758 1148 sal·

122 1181 275 1237 300,de
299 1180 460 1238 infer-iorem
479 1196 605 1249 causam,
625 1180 747 1251 reiquia
770 1177 914 1235 inleriores
965 1176 1036 1246 rari,
1048 1186 1194 1248 postquam
1210 1177 1407 1246 decessit;sed
1421 1189 1567 1252 postquam
1581 1182 1689 1251 reuixit,
1702 1198 1757 1240 non
1815 1235 1816 1238 ,

122 1286 214 1328 mm
227 1272 262 1328 ,d
278 1271 331 1328 hoc
342 1283 504 1342 operamur,
521 1283 552 1328 ῃ(
565 1273 705 1328 hominem
719 1289 780 1330 ως(
794 1275 914 1330 animale
965 1266 1070 1325 luisse:
1087 1269 1178 1338 potuit
1199 1269 1271 1325 euim
1286 1285 1411 1341 peccare,
1433 1272 1509 1327 etita
1525 1272 1552 1327 in
1568 1274 1677 1330 mortali
1690 1290 1756 1346 pec-

122 1364 166 1420 rel
179 1365 245 1437 quia
264 1365 380 1422 interior
402 1380 486 1422 causa
510 1364 646 1436 impedire
660 1381 717 1422 non
739 1374 829 1437 potest
846 1367 914 1439 quin
964 1370 1027 1418 cato
1044 1361 1186 1419 decedere.
1205 1362 1338 1420 Similiter
1357 1363 1404 1420 alii
1425 1364 1472 1436 qui
1488 1365 1583 1421 dicunt
1600 1381 1654 1423 nun
1670 1366 1758 1425 luisse

121 1457 170 1524 sit,
196 1467 227 1514 ut
253 1457 456 1514 firmamentum
483 1458 600 1515 moueri.
626 1455 783 1516 Necessitas
809 1468 914 1527 autem,
964 1453 1149 1511 necessarlum
1166 1452 1301 1510 lamium
1325 1455 1438 1524 salvari,
1454 1467 1600 1528 l>⁰⁵lti¹¹³¹¹¹l
1626 1459 1756 1528 ᾶθΰθδδῑῑε

12 1568 13 1633 3
120 1565 185 1621 quae
198 1549 390 1605 lltsecundurn
405 1549 563 1620 superiores
578 1565 688 1618 causas,
700 1550 802 1607 dicitur
816 1564 913 1607 neces·
963 1544 1028 1615 quia
1047 1544 1186 1601 marsilia
1205 1548 1293 1617 prima
1311 1548 1445 1604 naturalis
1469 1564 1524 1604 nott
1544 1548 1607 1618 luit,
1632 1550 1680 1607 scd
1701 1552 1757 1609 mi-

122 1645 193 1701 sitae
206 1643 355 1701 absoluta:
377 1643 423 1699 illa
442 1658 518 1712 rere,
531 1660 594 1716 quae
611 1645 642 1700 fia
666 1644 820 1701 seeundum
841 1643 913 1702 infe-
962 1637 1102 1706 cuculosa,
1127 1654 1179 1695 nec
1199 1640 1289 1696 aallrac
1312 1640 1347 1695 ad
1367 1640 1494 1696 bravium
1519 1652 1694 1713 peruenerat,
1708 1646 1756 1702 sed

120 1736 212 1792 riores
242 1750 363 1804 causas,
398 1735 501 1792 dicitur
530 1736 736 1793 determinata:
762 1698 1043 1800 secundunBuuasi
1066 1731 1101 1787 de
1123 1731 1213 1787 medio
1227 1732 1316 1789 stadio
1330 1741 1464 1803 extenuas
1479 1730 1757 1808 lucraremur„

117 1827 196 1897 quod
211 1836 348 1884 testantur
362 1826 532 1900 philosophi,
548 1827 582 1884 ad
603 1827 759 1884 absolutam
775 1827 853 1898 sequi
866 1827 914 1884 de·
964 1822 1056 1876 meriti
1070 1837 1104 1876 ex
1119 1820 1211 1878 lutura
1228 1823 1284 1879 rita
1299 1823 1444 1895 pendebat.
1459 1822 1516 1881 Nos
1528 1825 1648 1883 dicimus
1662 1843 1758 1885 neces·

121 1921 310 1977 terminatam.
341 1918 420 1984 llude
444 1920 469 1978 si
494 1920 680 1977 necessarium
703 1929 746 1976 est
771 1917 912 1976 Socratem
964 1913 1068 1971 sadum
1083 1913 1168 1970 luisse
1183 1914 1320 1971 Lazarum
1335 1916 1448 1983 salvari,
1464 1920 1755 1990 postquamdecessit;

119 2015 238 2080 moueri,
253 2015 441 2071 necessarium
455 2023 498 2070 εει
520 2013 611 2085 ipsum
633 2013 749 2080 moveri,
766 2011 832 2067 duna
848 2028 913 2069 cur·
964 2019 1016 2060 nec
1038 2014 1185 2075 postquam
1203 2006 1320 2071 revixit,
1343 2023 1459 2079 peccare
1480 2010 1584 2080 potuit:
1609 2009 1661 2067 luit
1681 2011 1755 2068 enim

119 2107 181 2162 rit:
197 2106 245 2163 sed
258 2121 314 2161 non
334 2106 516 2162 conuertitur.
532 2104 612 2174 Apud
627 2103 802 2159 Aristotelem
818 2118 915 2160 neces-
963 2094 1053 2152 fomes
1067 2097 1171 2167 pietali
1186 2112 1235 2169 per
1250 2109 1366 2156 mortem
1380 2100 1409 2156 in
1423 2115 1456 2157 eu
1467 2101 1631 2159 exstinctus.

116 2195 194 2251 sitas
207 2194 389 2251 determinata
403 2194 516 2261 dieitur,
529 2210 591 2264 que
604 2210 659 2250 non
675 2193 836 2264 simpliciter
848 2208 913 2265 pro·
1000 2185 1079 2245 Sicut
1099 2187 1175 2245 Patri
1207 2193 1401 2264 appropriatur
1415 2193 1472 2268 (65)
1497 2196 1550 2252 boc
1571 2210 1684 2264 nomen,
1704 2214 1754 2269 pc·

117 2284 244 2357 ponitur,
271 2283 320 2339 aed
344 2299 408 2340 cura
435 2283 685 2352 determinatione,
713 2293 745 2340 ut
770 2284 912 2341 Socratem
965 2282 1060 2352 tentia,
1086 2280 1158 2338 Filio
1182 2282 1238 2339 lroc
1255 2299 1378 2353 nomen,
1400 2285 1551 2356 rapientim
1579 2287 1615 2343 lta
1642 2285 1755 2359 Spiritui

118 2379 238 2445 moveri,
251 2378 316 2435 dum
328 2379 424 2435 crrrrit.
438 2378 595 2437 Securtdunt
610 2377 782 2450 superiorem
798 2392 912 2435 causam
964 2382 1061 2430 sancto
1075 2373 1130 2431 boc
1148 2390 1259 2444 nomen,
1276 2375 1391 2442 innitor,
1405 2378 1534 2447 quamvis
1549 2379 1632 2434 trium
1649 2378 1686 2435 sit
1700 2396 1754 2436 una

118 2470 309 2528 necessariam
333 2471 446 2539 dicitur,
469 2472 623 2544 generalem
650 2471 793 2528 hominum
817 2486 912 2528 resur·
962 2462 1082 2522 boullae.
1099 2464 1168 2521 Cum
1188 2467 1242 2523 buc
1264 2482 1385 2534 nomen,
1402 2466 1531 2539 Spiritus,
1553 2469 1680 2526 videnlur
1694 2486 1756 2529 esau

118 2563 270 2622 rectionem
292 2578 353 2620 csse
370 2562 502 2627 loturam,
519 2564 584 2635 quia
607 2564 665 2620 sola
680 2563 727 2620 uel
747 2562 912 2620 auctoritate
961 2557 1089 2625 tumoris,
1102 2567 1130 2614 ct
1147 2559 1294 2630 superbire,
1316 2576 1351 2616 ne
1369 2560 1415 2617 bic
1434 2561 1536 2634 aliquis
1555 2563 1710 2635 suspicetur
1727 2564 1755 2620 in

12 2642 13 2657 ¹
118 2653 163 2722 dt,
175 2669 226 2710 nec
239 2653 333 2724 aliqua
347 2652 462 2710 inferior
475 2669 560 2710 causa
572 2653 705 2726 impedire
715 2662 807 2725 potest
829 2652 911 2709 iuxta
963 2647 1096 2722 Spiritum
1122 2660 1263 2718 sanctum,
1289 2650 1342 2706 hoc
1357 2665 1474 2720 nomen,
1492 2652 1597 2708 lonicus
1612 2653 1638 2708 ei
1654 2668 1754 2725 appro-

121 2745 195 2800 lranc
207 2744 366 2816 opinionem
378 2755 443 2803 sunt
455 2746 505 2816 qui
517 2746 612 2802 dicuut
628 2745 812 2802 necessarium
827 2744 911 2802 luisse
960 2745 1084 2817 priatur:
1104 2744 1147 2800 vel
1161 2744 1226 2816 quia
1240 2742 1361 2815 Spiritus
1384 2755 1498 2801 sanctos
1521 2754 1563 2802 εει
1583 2745 1686 2804 donum
1701 2745 1755 2802 Pa·

74 2870 79 2875 ·
119 2836 263 2893 Christum
289 2837 392 2895 dixisse
413 2854 521 2906 rerum,
547 2845 694 2911 postquam
718 2838 787 2894 dixit
807 2835 909 2893 Petro:
962 2839 1023 2906 tris,
1038 2847 1066 2894 ct
1089 2837 1163 2904 Filii,
1179 2836 1208 2893 in
1232 2851 1288 2907 quo
1312 2838 1393 2894 nobis
1416 2837 1498 2894 datur
1522 2838 1665 2910 multiplex
1685 2855 1754 2896 usus

119 2931 273 3002 Anuquam
288 2931 375 3003 pallara
389 2940 487 2998 coartet,
504 2941 543 2987 ter
557 2948 597 2987 me
611 2931 719 3003 aepulis
730 2929 810 3002 (lac.
827 2930 909 3002 ιιιι),
961 2936 1124 3006 gratiarum,
1138 2948 1187 3006 per
1202 2948 1283 3006 quent
1301 2943 1344 2990 εει
1358 2933 1461 2989 bonum
1476 2949 1560 2991 omne
1576 2934 1602 2990 id
1621 2935 1695 3007 qarod
1710 2942 1754 2991 εει

120 3022 186 3093 quia
203 3023 294 3079 taliter
313 3022 431 3090 dixerat,
449 3023 524 3093 quod
544 3021 625 3077 vitari
642 3037 697 3076 nou
721 3030 840 3093 poterat.
857 3022 945 3106 Sede
962 3027 1077 3083 bonurn.

121 3114 178 3171 boc
192 3115 300 3172 ridetur
316 3129 378 3170 esse
389 3113 502 3179 laisum,
517 3113 581 3185 quia
596 3112 709 3170 interior
724 3130 807 3170 causa
824 3115 911 3186 impe·
981 3141 1049 3199 Bm·
1080 3138 1196 3195 mm·
1223 3138 1321 3195 om
1343 3140 1372 3193 ὑ,
1400 3149 1528 3211 mmm
1556 3150 1636 3206 mm,
1664 3139 1735 3201 pm

12 3196 13 3215 ¹
119 3207 182 3263 dire
193 3215 310 3278 poterat,
329 3221 363 3262 ne
381 3221 477 3262 rerum
494 3214 583 3272 essct;
598 3213 705 3276 poterat
724 3206 796 3261 euim
811 3205 910 3263 Petrus
1319 3218 1389 3265 rant.

12 3288 13 3295 '
120 3314 178 3355 non
193 3313 304 3370 negare.
319 3297 360 3354 hd
376 3298 429 3354 boc
450 3297 532 3353 etiam
549 3297 590 3355 sic
602 3297 768 3369 opponitur:
786 3296 815 3354 Si
830 3297 912 3354 Cbri·
998 3301 1103 3374 Regula
1120 3300 1172 3357 isla
1187 3316 1204 3357 a
1218 3299 1314 3355 multis
1330 3300 1502 3371 proponitur,
1521 3308 1578 3357 eta
1596 3301 1692 3370 paucis
1705 3300 1751 3359 lu-

12 3374 13 3437 Ϊ
119 3398 184 3445 stus
198 3389 276 3457 dixit,
289 3389 417 3444 eueniet:
433 3388 480 3444 sed
503 3389 691 3445 necessarium
706 3398 747 3446 est
769 3388 909 3445 Christum
961 3392 1104 3464 telligitur.
1119 3388 1197 3447 Unde
1210 3388 1321 3445 Boetius
1346 3389 1379 3445 ad
1395 3386 1527 3445 loannem
1552 3389 1698 3445 diaconum
1716 3391 1752 3448 de

117 3479 244 3545 dixisse,
268 3494 334 3548 erpo
359 3479 546 3535 necessarium
570 3489 613 3535 est
635 3481 754 3536 euenire.
780 3479 834 3537 Sed
858 3481 911 3537 lroc
960 3483 1188 3555 interpretatione
1201 3481 1283 3552 hujus
1296 3481 1399 3552 regular
1410 3480 1510 3537 librum
1525 3479 1667 3552 inscripsit
1680 3482 1750 3556 (66),

115 3572 198 3643 juxta
213 3578 393 3639 praetaxatam
416 3568 573 3639 opinionem
597 3571 638 3626 sic
660 3569 833 3627 semitonsi
857 3572 910 3626 ali·
960 3578 1104 3648 diligenter
1127 3575 1276 3632 ostendens
1291 3574 1430 3646 quomodo
1452 3574 1558 3643 omnia,
1574 3576 1602 3631 in
1617 3587 1749 3647 quantum

117 3661 190 3734 quid
204 3659 330 3731 sequitur
348 3659 383 3714 ad
396 3658 482 3726 aliud,
495 3667 523 3714 et
534 3658 653 3729 primum
667 3670 709 3716 ost
723 3664 909 3719 necessarium
960 3676 1036 3732 sunt,
1053 3668 1125 3722 bona
1139 3674 1224 3723 sunt:
1244 3681 1278 3720 an
1292 3665 1522 3733 substantialiter,
1536 3681 1572 3722 an
1592 3667 1749 3724 accidenta-

119 3753 287 3810 neeessitate
299 3759 405 3807 naturae
418 3750 494 3822 (65);
510 3750 558 3807 sed
573 3766 627 3807 non
645 3752 668 3808 si
691 3752 794 3824 aliquid
818 3755 910 3824 sequi·
958 3760 1031 3827 liter,
1045 3759 1099 3814 alio
1113 3757 1196 3814 ruodo
1209 3757 1265 3814 sint
1279 3757 1348 3828 (67).
1361 3755 1441 3813 Unde
1459 3758 1531 3814 solet
1547 3758 1633 3829 errori
1649 3774 1683 3815 au
1699 3759 1751 3816 ali·

120 3855 168 3902 tur
188 3844 221 3899 ad
235 3844 320 3911 aliud,
338 3851 365 3898 et
386 3842 504 3915 primurn
528 3852 571 3900 est
587 3843 773 3899 necessarium
788 3846 910 3903 necessi·
960 3850 1026 3921 quid
1050 3849 1177 3906 naturale
1201 3849 1362 3905 attribuitur
1381 3848 1521 3918 subjecto,
1545 3865 1608 3905 rum
1627 3850 1747 3909 dicitur:

119 3946 178 3994 tate
193 3950 328 4008 personae,
344 3935 470 3991 ultimum
491 3935 678 3992 necessarium
691 3946 734 3993 cst
748 3938 911 3997 necessitate
959 3939 1058 3996 Omnia
1077 3939 1105 3994 in
1122 3947 1256 4010 parantum
1272 3947 1347 4005 sunt,
1367 3939 1440 3995 bona
1461 3948 1536 3995 sunt.
1556 3940 1585 3997 Si
1611 3944 1750 4013 naturale,

120 4039 247 4087 naturae:
267 4029 316 4085 sed
329 4027 470 4085 Christum
483 4027 589 4085 dixisse
601 4044 709 4096 rerum,
723 4038 909 4089 estnecessa·
960 4046 994 4089 an
1014 4030 1204 4098 substantiale,
1228 4046 1264 4087 an
1293 4030 1473 4087 accidentale.
1501 4030 1530 4088 Si
1555 4033 1746 4099 substantiale,

122 4122 197 4177 mum
212 4120 291 4191 quasi
314 4119 401 4192 gratia
426 4120 548 4187 terrniai,
575 4121 680 4176 ratione
703 4122 829 4178 uidelicet
846 4139 908 4195 per·
959 4124 1094 4181 illuderit
1110 4122 1284 4194 superiusad
1305 4122 1358 4178 laoc
1372 4128 1470 4194 emaus,
1491 4122 1660 4190 ralrtuuiar
1677 4139 1748 4196 ειιε·

122 4230 217 4271 sonae:
233 4222 261 4270 ει
283 4214 364 4269 talem
380 4214 572 4270 necessitatem
592 4229 716 4284 personae
738 4229 792 4270 uon
816 4219 909 4288 sequi·
959 4218 1034 4273 niam
1047 4216 1139 4274 omnis
1152 4215 1307 4272 substantia
1322 4217 1443 4279 bonum,
1468 4214 1515 4271 sed
1532 4230 1586 4271 non
1600 4231 1682 4272 omne
1696 4216 1747 4271 bo·

122 4294 167 4359 tur
181 4304 332 4361 necessitas
345 4311 460 4360 naturae.
475 4302 541 4360 lteru
555 4305 595 4361 sic
612 4307 906 4379 opponiturrllliquid
960 4326 1027 4366 num
1054 4309 1218 4366 substantia.
1244 4305 1333 4362 Simili
1367 4306 1448 4363 modo
1479 4307 1605 4378 superius
1629 4308 1682 4364 erit
1711 4309 1746 4366 ad

121 4407 164 4453 est
176 4396 374 4462 necessarium,
388 4404 415 4452 et
429 4396 503 4453 aliud
519 4406 562 4452 est
577 4398 727 4467 possibile:
741 4413 806 4470 ergo
818 4408 907 4468 potest
922 4384 945 4438 D
958 4417 1040 4457 ornrrc
1053 4400 1306 4471 praedicamentum,
1322 4405 1350 4453 et
1365 4396 1400 4452 ita
1413 4397 1507 4453 omnia
1526 4398 1698 4456 reducuntur
1710 4401 1746 4457 ad

122 4501 184 4544 esse
206 4504 302 4545 rerum
322 4503 384 4545 cum
412 4489 471 4545 illo.
490 4487 585 4545 Potest
604 4488 657 4546 dici
677 4490 751 4561 quod
775 4506 830 4546 raon
856 4490 908 4549 luit
958 4508 1056 4548 unum.
1078 4488 1145 4546 ltem
1162 4490 1185 4545 si
1198 4489 1379 4545 substantiale
1400 4497 1452 4554 est,
1472 4498 1574 4546 autest
1588 4506 1685 4562 genus,
1698 4501 1748 4551 aut

122 4583 308 4637 necessarium
332 4581 473 4639 Christum
499 4582 601 4653 aliquid
623 4581 736 4650 dixisse,
756 4584 799 4638 rel
817 4599 907 4640 enun-
958 4584 1073 4655 species,
1097 4590 1145 4639 aut
1164 4581 1329 4661 differentia.
1346 4579 1376 4637 Si
1399 4595 1501 4653 gertus,
1525 4592 1555 4638 ut
1567 4580 1623 4653 lam
1639 4583 1745 4643 dictum

122 4674 217 4730 tiasse.
232 4675 362 4742 manicis
377 4675 545 4731 hecdicium
560 4675 687 4731 uideatur
705 4676 740 4732 de
752 4676 903 4747 preterito,
956 4686 1009 4745 εει,
1023 4674 1151 4747 superius
1165 4672 1218 4731 erit
1228 4671 1262 4728 ad
1275 4687 1363 4744 genus
1376 4670 1622 4742 generalissimum.
1637 4670 1666 4728 Si
1683 4688 1746 4745 spe-

121 4773 213 4821 tamen
229 4774 334 4836 spectat
347 4766 380 4821 ad
398 4765 521 4821 loturum
533 4782 542 4833 ;
556 4766 628 4822 sicut
645 4766 699 4822 boc
713 4767 827 4833 dictum,
842 4767 907 4823 Pla·
958 4768 1026 4834 cies,
1053 4766 1081 4823 in
1099 4779 1155 4837 quo
1178 4763 1420 4835 predicamentum
1444 4762 1641 4831 continebitur,
1671 4764 1745 4834 quud

122 4866 213 4914 tonem
228 4858 274 4929 qui
296 4858 351 4914 exit
362 4859 453 4926 albus,
467 4856 553 4914 luisse
570 4858 717 4926 lectricum,
732 4874 787 4916 non
803 4867 845 4916 εει
859 4877 908 4916 ne·
957 4859 992 4915 de
1007 4857 1135 4913 ornatibus
1150 4853 1361 4927 praedicabitur?
1381 4851 1412 4908 Si
1428 4867 1494 4910 xero
1519 4852 1682 4923 dilierentia,
1695 4869 1745 4912 cu·

121 4950 285 5007 cessarium.
297 4948 374 5007 Unde
387 4966 439 5009 uec
453 4951 639 5007 necessarium
658 4951 847 5009 estSocratenr
862 4953 906 5010 di·
955 4951 1002 5023 jus
1021 4948 1129 5020 generis
1145 4946 1199 5003 erit
1220 4943 1407 5013 constitutiva,
1432 4946 1476 5001 rel
1493 4944 1601 5001 diuisui
1624 4943 1702 5013 lteru,
1717 4946 1743 5002 si

122 5044 196 5101 xisse
209 5060 314 5111 uerum,
327 5045 391 5117 quia
406 5044 552 5114 hoedixit;
566 5042 804 5115 potuiteuimnon
819 5060 908 5101 enue—
957 5044 1044 5100 solius
1066 5040 1115 5098 Dei
1138 5040 1250 5097 bouitas
1273 5038 1321 5105 sit,
1347 5037 1371 5095 sl
1387 5037 1535 5110 cujuslibet
1560 5036 1617 5105 rei,
1639 5036 1667 5092 iu
1690 5038 1744 5095 lroe

122 5136 207 5192 tiasse
243 5136 272 5192 id
289 5144 332 5193 εει
348 5151 399 5193 nec
419 5134 702 5206 rerum,neel'alsum
717 5135 831 5194 dixisse.
955 5133 1032 5210 quod
1046 5142 1099 5203 est,
1113 5131 1233 5199 bonitas,
1247 5128 1401 5188 substantia
1417 5137 1471 5196 est,
1485 5128 1578 5185 omnis
1592 5141 1637 5185 ret
1651 5127 1681 5188 lu
1696 5142 1743 5201 eo,

158 5365 216 5434 (63)
234 5363 354 5449 ‘Videtur
377 5364 423 5448 bic
449 5364 552 5449 aliquid
580 5363 751 5447 desiderari,-
769 5361 847 5487 ,εει
866 5362 907 5446 sic
993 5355 1041 5427 (bl
1070 5354 1141 5481 Lesa
1159 5352 1208 5409 lib.
1225 5367 1265 5409 ιιι
1280 5350 1317 5406 ue
1336 5349 1522 5433 Trinitmum
1535 5347 1563 5406 6.

122 5437 241 5505 suppleri
256 5446 345 5507 potest
357 5454 363 5491 :
377 5433 408 5491 Sr
422 5434 523 5505 aliquod
533 5444 652 5506 ιεειιιιιιι
664 5435 700 5489 aa
712 5433 767 5489 alra
789 5442 834 5501 ,et
847 5449 906 5503 prr·
1005 5427 1040 5483 65
1072 5424 1103 5508 v!
1122 5424 1271 5506 enturnbaec
1285 5421 1319 5476 ad
1334 5418 1524 5503 airumlocum
1537 5426 1677 5508 spectare.
1714 5487 1722 5504 ο

123 5522 194 5559 mum
207 5517 245 5561 est
260 5506 435 5563 recentarium
448 5506 600 5560 necessitate
610 5517 723 5573 naturre,
735 5505 857 5559 ultimant
867 5512 907 5558 cst
1002 5495 1050 5565 66)
1070 5494 1120 5551 Ηιε
1133 5493 1218 5549 Bortu
1234 5489 1344 5548 libellas
1358 5489 1404 5545 ule
1418 5502 1477 5559 ipse
1489 5499 1542 5559 est,
1554 5490 1630 5586 qula
1643 5489 1741 5554 nolles

122 5578 297 5632 trecenarium
324 5577 479 5633 necemitute
506 5587 633 5633 nature:
658 5576 704 5632 red
730 5590 783 5631 nott
808 5575 831 5629 ri
855 5574 907 5629 uli·
958 5566 1117 5627 inscribitur
1133 5559 1398 5643 Debebdomadilrur.

122 5645 200 5715 eniti,
211 5657 263 5704 etc.
698 5645 704 5654 “
772 5645 780 5655 ’
887 5706 946 5741 Α
993 5637 1051 5711 (67)
1071 5634 1184 5694 Videtur
1201 5633 1296 5691 deesse
1310 5631 1402 5702 aitqua
1411 5642 1475 5688 ιοῐ.
