<?xml version="1.0" encoding="UTF-8"?>
<!DOCTYPE html PUBLIC "-//W3C//DTD XHTML 1.0 Transitional//EN"
    "http://www.w3.org/TR/xhtml1/DTD/xhtml1-transitional.dtd">
<html xmlns="http://www.w3.org/1999/xhtml" xml:lang="en" lang="en">
 <head>
  <title>
</title>
<meta http-equiv="Content-Type" content="text/html;charset=utf-8" />
  <meta name='ocr-system' content='tesseract 3.04.00' />
  <meta name='ocr-capabilities' content='ocr_page ocr_carea ocr_par ocr_line ocrx_word'/>
</head>
<body>
  <div class='ocr_page' id='page_1' title='image "./patrologiaecurs127migngoog/patrologiaecurs127migngoog_0509.png"; bbox 0 0 3992 6042; ppageno 0'>
   <div class='ocr_carea' id='block_1_1' title="bbox 8 190 168 270">
    <p class='ocr_par' dir='ltr' id='par_1_1' title="bbox 8 190 168 270">
     <span class='ocr_line' id='line_1_1' title="bbox 8 190 168 270; baseline -0.025 0"><span class='ocrx_word' id='word_1_1' title='bbox 8 190 9 225; x_wconf 70' lang='lat'>³</span> <span class='ocrx_word' id='word_1_2' title='bbox 113 213 168 270; x_wconf 85' lang='lat' dir='ltr'>sos</span> 
     </span>
    </p>
   </div>
   <div class='ocr_carea' id='block_1_2' title="bbox 489 207 1735 278">
    <p class='ocr_par' dir='ltr' id='par_1_2' title="bbox 489 207 1735 278">
     <span class='ocr_line' id='line_1_2' title="bbox 489 207 1735 278; baseline 0.012 -15"><span class='ocrx_word' id='word_1_3' title='bbox 489 207 751 266; x_wconf 74' lang='lat' dir='ltr'>utstlucmotlts</span> <span class='ocrx_word' id='word_1_4' title='bbox 769 207 958 267; x_wconf 73' lang='lat' dir='ltr'>utetloatllt</span> <span class='ocrx_word' id='word_1_5' title='bbox 977 207 1106 266; x_wconf 81' lang='lat' dir='ltr'>THEOL.</span> <span class='ocrx_word' id='word_1_6' title='bbox 1127 239 1160 250; x_wconf 92' lang='lat'><em>-</em></span> <span class='ocrx_word' id='word_1_7' title='bbox 1180 208 1329 266; x_wconf 75' lang='lat' dir='ltr'>run-tas</span> <span class='ocrx_word' id='word_1_8' title='bbox 1681 220 1735 278; x_wconf 82' lang='lat' dir='ltr'>Dii)</span> 
     </span>
    </p>
   </div>
   <div class='ocr_carea' id='block_1_3' title="bbox 113 320 1735 585">
    <p class='ocr_par' dir='ltr' id='par_1_3' title="bbox 113 320 1735 585">
     <span class='ocr_line' id='line_1_3' title="bbox 113 320 1734 402; baseline 0.002 -16"><span class='ocrx_word' id='word_1_9' title='bbox 113 328 185 386; x_wconf 83' lang='lat' dir='ltr'>uarie</span> <span class='ocrx_word' id='word_1_10' title='bbox 198 324 322 382; x_wconf 86' lang='lat' dir='ltr'>diabolus</span> <span class='ocrx_word' id='word_1_11' title='bbox 333 322 433 380; x_wconf 86' lang='lat' dir='ltr'>dicitur</span> <span class='ocrx_word' id='word_1_12' title='bbox 450 332 553 379; x_wconf 89' lang='lat' dir='ltr'>tentare</span> <span class='ocrx_word' id='word_1_13' title='bbox 568 324 717 379; x_wconf 83' lang='lat' dir='ltr'>bominem.</span> <span class='ocrx_word' id='word_1_14' title='bbox 733 320 814 377; x_wconf 87' lang='lat' dir='ltr'>iiotat</span> <span class='ocrx_word' id='word_1_15' title='bbox 828 322 891 377; x_wconf 88' lang='lat' dir='ltr'>alli·</span> <span class='ocrx_word' id='word_1_16' title='bbox 905 331 927 386; x_wconf 74' lang='grc' dir='ltr'><strong>Α</strong></span> <span class='ocrx_word' id='word_1_17' title='bbox 942 320 1101 393; x_wconf 84' lang='lat' dir='ltr'>Scriptura,</span> <span class='ocrx_word' id='word_1_18' title='bbox 1116 330 1143 378; x_wconf 89' lang='lat' dir='ltr'>ct</span> <span class='ocrx_word' id='word_1_19' title='bbox 1157 324 1310 379; x_wconf 87' lang='lat' dir='ltr'>secundum</span> <span class='ocrx_word' id='word_1_20' title='bbox 1320 324 1394 380; x_wconf 79' lang='lat' dir='ltr'>illurn</span> <span class='ocrx_word' id='word_1_21' title='bbox 1412 326 1609 396; x_wconf 72' lang='lat' dir='ltr'>expositionem</span> <span class='ocrx_word' id='word_1_22' title='bbox 1633 333 1734 402; x_wconf 82' lang='lat' dir='ltr'>exponi</span> 
     </span>
     <span class='ocr_line' id='line_1_4' title="bbox 113 414 1734 490; baseline 0.001 -15"><span class='ocrx_word' id='word_1_23' title='bbox 113 437 184 485; x_wconf 86' lang='lat' dir='ltr'>cere,</span> <span class='ocrx_word' id='word_1_24' title='bbox 208 418 281 474; x_wconf 88' lang='lat' dir='ltr'>uude</span> <span class='ocrx_word' id='word_1_25' title='bbox 304 417 332 471; x_wconf 90' lang='lat' dir='ltr'>in</span> <span class='ocrx_word' id='word_1_26' title='bbox 355 416 487 487; x_wconf 67' lang='lat' dir='ltr'>apostolo</span> <span class='ocrx_word' id='word_1_27' title='bbox 511 431 576 471; x_wconf 91' lang='lat' dir='ltr'>caro</span> <span class='ocrx_word' id='word_1_28' title='bbox 601 424 696 470; x_wconf 85' lang='lat' dir='ltr'>nostra</span> <span class='ocrx_word' id='word_1_29' title='bbox 717 414 818 470; x_wconf 87' lang='lat' dir='ltr'>dicitur</span> <span class='ocrx_word' id='word_1_30' title='bbox 844 429 895 469; x_wconf 92' lang='lat' dir='ltr'>nos</span> <span class='ocrx_word' id='word_1_31' title='bbox 945 417 1169 486; x_wconf 80' lang='lat' dir='ltr'>potcstptaulicta</span> <span class='ocrx_word' id='word_1_32' title='bbox 1180 416 1467 480; x_wconf 74' lang='lat' dir='ltr'>auctoritssscilicet:</span> <span class='ocrx_word' id='word_1_33' title='bbox 1482 416 1562 472; x_wconf 87' lang='lat' dir='ltr'>Terra</span> <span class='ocrx_word' id='word_1_34' title='bbox 1572 422 1657 490; x_wconf 85' lang='lat' dir='ltr'>pariet</span> <span class='ocrx_word' id='word_1_35' title='bbox 1672 422 1734 489; x_wconf 88' lang='lat' dir='ltr'>tibi,</span> 
     </span>
     <span class='ocr_line' id='line_1_5' title="bbox 113 506 1735 585; baseline 0.001 -16"><span class='ocrx_word' id='word_1_36' title='bbox 113 522 236 580; x_wconf 85' lang='lat' dir='ltr'>tentare;</span> <span class='ocrx_word' id='word_1_37' title='bbox 258 520 284 567; x_wconf 92' lang='lat' dir='ltr'>et</span> <span class='ocrx_word' id='word_1_38' title='bbox 297 511 361 567; x_wconf 86' lang='lat' dir='ltr'>alibi</span> <span class='ocrx_word' id='word_1_39' title='bbox 375 529 382 566; x_wconf 76' lang='lat' dir='ltr'><strong><em>z</em></strong></span> <span class='ocrx_word' id='word_1_40' title='bbox 398 509 518 567; x_wconf 89' lang='lat' dir='ltr'>Tentatio</span> <span class='ocrx_word' id='word_1_41' title='bbox 531 526 574 565; x_wconf 86' lang='lat' dir='ltr'>uos</span> <span class='ocrx_word' id='word_1_42' title='bbox 587 525 638 564; x_wconf 90' lang='lat' dir='ltr'>non</span> <span class='ocrx_word' id='word_1_43' title='bbox 653 508 829 579; x_wconf 71' lang='lat' dir='ltr'><strong><em>apprehendat</em></strong></span> <span class='ocrx_word' id='word_1_44' title='bbox 843 507 896 562; x_wconf 87' lang='lat' dir='ltr'>nisi</span> <span class='ocrx_word' id='word_1_45' title='bbox 946 506 1011 575; x_wconf 88' lang='lat' dir='ltr'>quia</span> <span class='ocrx_word' id='word_1_46' title='bbox 1035 507 1118 561; x_wconf 87' lang='lat' dir='ltr'>ltorno</span> <span class='ocrx_word' id='word_1_47' title='bbox 1140 506 1234 562; x_wconf 81' lang='lat' dir='ltr'>irruitis</span> <span class='ocrx_word' id='word_1_48' title='bbox 1255 507 1389 577; x_wconf 78' lang='lat' dir='ltr'>angustiis</span> <span class='ocrx_word' id='word_1_49' title='bbox 1407 517 1434 563; x_wconf 90' lang='lat' dir='ltr'>cl</span> <span class='ocrx_word' id='word_1_50' title='bbox 1448 507 1590 566; x_wconf 90' lang='lat' dir='ltr'>doloribus</span> <span class='ocrx_word' id='word_1_51' title='bbox 1615 514 1735 585; x_wconf 78' lang='lat' dir='ltr'>acquirit</span> 
     </span>
    </p>
   </div>
   <div class='ocr_carea' id='block_1_4' title="bbox 8 596 1733 676">
    <p class='ocr_par' dir='ltr' id='par_1_4' title="bbox 8 596 1733 676">
     <span class='ocr_line' id='line_1_6' title="bbox 8 596 1733 676; baseline -0.002 -13"><span class='ocrx_word' id='word_1_52' title='bbox 8 600 12 625; x_wconf 69' lang='grc'>”</span> <span class='ocrx_word' id='word_1_53' title='bbox 113 607 239 661; x_wconf 87' lang='lat' dir='ltr'>bumana.</span> <span class='ocrx_word' id='word_1_54' title='bbox 259 603 340 659; x_wconf 85' lang='lat' dir='ltr'>Notat</span> <span class='ocrx_word' id='word_1_55' title='bbox 360 604 442 661; x_wconf 85' lang='lat' dir='ltr'>etiam</span> <span class='ocrx_word' id='word_1_56' title='bbox 466 601 608 667; x_wconf 86' lang='lat' dir='ltr'>insidiari,</span> <span class='ocrx_word' id='word_1_57' title='bbox 625 601 697 656; x_wconf 87' lang='lat' dir='ltr'>unde</span> <span class='ocrx_word' id='word_1_58' title='bbox 722 598 805 653; x_wconf 86' lang='lat' dir='ltr'>David</span> <span class='ocrx_word' id='word_1_59' title='bbox 821 612 828 651; x_wconf 87' lang='lat'>;</span> <span class='ocrx_word' id='word_1_60' title='bbox 846 596 897 651; x_wconf 85' lang='lat' dir='ltr'>ilbi</span> <span class='ocrx_word' id='word_1_61' title='bbox 947 613 1032 653; x_wconf 84' lang='lat' dir='ltr'>sacrae</span> <span class='ocrx_word' id='word_1_62' title='bbox 1058 598 1205 668; x_wconf 75' lang='lat' dir='ltr'>Scripturas</span> <span class='ocrx_word' id='word_1_63' title='bbox 1232 599 1408 654; x_wconf 87' lang='lat' dir='ltr'>intellectum.</span> <span class='ocrx_word' id='word_1_64' title='bbox 1435 599 1540 657; x_wconf 76' lang='lat' dir='ltr'>Dicitur</span> <span class='ocrx_word' id='word_1_65' title='bbox 1570 602 1733 676; x_wconf 81' lang='lat' dir='ltr'>synagoga,</span> 
     </span>
    </p>
   </div>
   <div class='ocr_carea' id='block_1_5' title="bbox 63 689 1734 1138">
    <p class='ocr_par' dir='ltr' id='par_1_5' title="bbox 63 689 1734 950">
     <span class='ocr_line' id='line_1_7' title="bbox 114 689 1734 767; baseline -0.003 -12"><span class='ocrx_word' id='word_1_66' title='bbox 114 707 279 756; x_wconf 81' lang='lat' dir='ltr'>tentaberunt</span> <span class='ocrx_word' id='word_1_67' title='bbox 295 714 335 752; x_wconf 90' lang='lat' dir='ltr'>me</span> <span class='ocrx_word' id='word_1_68' title='bbox 347 708 436 767; x_wconf 84' lang='lat' dir='ltr'>patres</span> <span class='ocrx_word' id='word_1_69' title='bbox 450 697 547 759; x_wconf 85' lang='lat' dir='ltr'>uestri,</span> <span class='ocrx_word' id='word_1_70' title='bbox 574 694 646 750; x_wconf 87' lang='lat' dir='ltr'>uttde</span> <span class='ocrx_word' id='word_1_71' title='bbox 666 693 734 750; x_wconf 86' lang='lat' dir='ltr'>solet</span> <span class='ocrx_word' id='word_1_72' title='bbox 755 693 809 749; x_wconf 87' lang='lat' dir='ltr'>dici</span> <span class='ocrx_word' id='word_1_73' title='bbox 823 689 897 762; x_wconf 84' lang='lat' dir='ltr'>quoti</span> <span class='ocrx_word' id='word_1_74' title='bbox 947 691 1019 746; x_wconf 77' lang='lat' dir='ltr'>under</span> <span class='ocrx_word' id='word_1_75' title='bbox 1034 690 1118 746; x_wconf 82' lang='lat' dir='ltr'>David</span> <span class='ocrx_word' id='word_1_76' title='bbox 1134 710 1141 744; x_wconf 85' lang='grc' dir='ltr'>ι</span> <span class='ocrx_word' id='word_1_77' title='bbox 1158 690 1302 761; x_wconf 73' lang='lat' dir='ltr'><strong><em>Propterea</em></strong></span> <span class='ocrx_word' id='word_1_78' title='bbox 1320 706 1369 745; x_wconf 89' lang='lat' dir='ltr'>non</span> <span class='ocrx_word' id='word_1_79' title='bbox 1387 693 1535 750; x_wconf 72' lang='lat' dir='ltr'>timebimus</span> <span class='ocrx_word' id='word_1_80' title='bbox 1551 695 1614 748; x_wconf 89' lang='lat' dir='ltr'>dum</span> <span class='ocrx_word' id='word_1_81' title='bbox 1641 698 1734 751; x_wconf 89' lang='lat' dir='ltr'>turba·</span> 
     </span>
     <span class='ocr_line' id='line_1_8' title="bbox 63 782 1732 858; baseline -0.001 -11"><span class='ocrx_word' id='word_1_82' title='bbox 63 804 66 811; x_wconf 64' lang='lat'>‘</span> <span class='ocrx_word' id='word_1_83' title='bbox 114 790 187 847; x_wconf 88' lang='lat' dir='ltr'>Deos</span> <span class='ocrx_word' id='word_1_84' title='bbox 200 800 286 845; x_wconf 88' lang='lat' dir='ltr'>tentat</span> <span class='ocrx_word' id='word_1_85' title='bbox 299 797 330 843; x_wconf 92' lang='lat' dir='ltr'>ut</span> <span class='ocrx_word' id='word_1_86' title='bbox 343 788 447 858; x_wconf 87' lang='lat' dir='ltr'>probet,</span> <span class='ocrx_word' id='word_1_87' title='bbox 462 786 588 843; x_wconf 86' lang='lat' dir='ltr'>diabolus</span> <span class='ocrx_word' id='word_1_88' title='bbox 603 794 633 840; x_wconf 92' lang='lat' dir='ltr'>ut</span> <span class='ocrx_word' id='word_1_89' title='bbox 645 785 771 856; x_wconf 86' lang='lat' dir='ltr'>decipiat,</span> <span class='ocrx_word' id='word_1_90' title='bbox 788 797 853 839; x_wconf 86' lang='lat' dir='ltr'>cara</span> <span class='ocrx_word' id='word_1_91' title='bbox 868 789 899 835; x_wconf 93' lang='lat' dir='ltr'>ut</span> <span class='ocrx_word' id='word_1_92' title='bbox 947 782 1020 838; x_wconf 88' lang='lat' dir='ltr'>bitur</span> <span class='ocrx_word' id='word_1_93' title='bbox 1032 794 1113 838; x_wconf 89' lang='lat' dir='ltr'>terra.</span> <span class='ocrx_word' id='word_1_94' title='bbox 1133 784 1239 840; x_wconf 91' lang='lat' dir='ltr'>Dicitur</span> <span class='ocrx_word' id='word_1_95' title='bbox 1252 785 1362 857; x_wconf 72' lang='lat' dir='ltr'>gentilis</span> <span class='ocrx_word' id='word_1_96' title='bbox 1386 788 1513 857; x_wconf 84' lang='lat' dir='ltr'>populus,</span> <span class='ocrx_word' id='word_1_97' title='bbox 1533 789 1605 843; x_wconf 87' lang='lat' dir='ltr'>trade</span> <span class='ocrx_word' id='word_1_98' title='bbox 1621 788 1706 846; x_wconf 79' lang='lat' dir='ltr'>isaias</span> <span class='ocrx_word' id='word_1_99' title='bbox 1723 807 1732 845; x_wconf 79' lang='grc' dir='ltr'>ι</span> 
     </span>
     <span class='ocr_line' id='line_1_9' title="bbox 114 875 1734 950; baseline -0.002 -12"><span class='ocrx_word' id='word_1_100' title='bbox 114 882 226 947; x_wconf 87' lang='lat' dir='ltr'>alliciat,</span> <span class='ocrx_word' id='word_1_101' title='bbox 238 882 319 936; x_wconf 89' lang='lat' dir='ltr'>bomo</span> <span class='ocrx_word' id='word_1_102' title='bbox 333 889 364 935; x_wconf 88' lang='lat' dir='ltr'>ut</span> <span class='ocrx_word' id='word_1_103' title='bbox 377 886 535 949; x_wconf 76' lang='lat' dir='ltr'>cognoscat.</span> <span class='ocrx_word' id='word_1_104' title='bbox 947 876 1024 932; x_wconf 76' lang='lat' dir='ltr'>sicne</span> <span class='ocrx_word' id='word_1_105' title='bbox 1036 875 1119 930; x_wconf 90' lang='lat' dir='ltr'>imber</span> <span class='ocrx_word' id='word_1_106' title='bbox 1130 885 1156 930; x_wconf 88' lang='lat' dir='ltr'>et</span> <span class='ocrx_word' id='word_1_107' title='bbox 1167 877 1213 930; x_wconf 85' lang='lat' dir='ltr'>nia</span> <span class='ocrx_word' id='word_1_108' title='bbox 1230 877 1365 931; x_wconf 85' lang='lat' dir='ltr'>descendit</span> <span class='ocrx_word' id='word_1_109' title='bbox 1375 878 1407 932; x_wconf 85' lang='lat' dir='ltr'>de</span> <span class='ocrx_word' id='word_1_110' title='bbox 1422 878 1497 946; x_wconf 82' lang='lat' dir='ltr'>celo,</span> <span class='ocrx_word' id='word_1_111' title='bbox 1510 888 1536 933; x_wconf 92' lang='lat' dir='ltr'>et</span> <span class='ocrx_word' id='word_1_112' title='bbox 1548 881 1666 950; x_wconf 72' lang='lat' dir='ltr'>infundit</span> <span class='ocrx_word' id='word_1_113' title='bbox 1678 891 1734 936; x_wconf 88' lang='lat' dir='ltr'>ter·</span> 
     </span>
    </p>

    <p class='ocr_par' dir='ltr' id='par_1_6' title="bbox 114 966 1734 1138">
     <span class='ocr_line' id='line_1_10' title="bbox 151 966 1732 1042; baseline 0.001 -13"><span class='ocrx_word' id='word_1_114' title='bbox 151 973 320 1037; x_wconf 83' lang='lat' dir='ltr'>Tratorium,</span> <span class='ocrx_word' id='word_1_115' title='bbox 338 972 459 1042; x_wconf 76' lang='lat' dir='ltr'>proprie.</span> <span class='ocrx_word' id='word_1_116' title='bbox 474 968 578 1026; x_wconf 86' lang='lat' dir='ltr'>Dicitur</span> <span class='ocrx_word' id='word_1_117' title='bbox 590 977 739 1024; x_wconf 81' lang='lat' dir='ltr'>conuentus</span> <span class='ocrx_word' id='word_1_118' title='bbox 751 966 896 1033; x_wconf 87' lang='lat' dir='ltr'>malorum,</span> <span class='ocrx_word' id='word_1_119' title='bbox 948 984 1023 1030; x_wconf 85' lang='lat' dir='ltr'>ram,</span> <span class='ocrx_word' id='word_1_120' title='bbox 1044 979 1069 1022; x_wconf 90' lang='lat' dir='ltr'>et</span> <span class='ocrx_word' id='word_1_121' title='bbox 1083 970 1230 1038; x_wconf 76' lang='lat' dir='ltr'>armtinure</span> <span class='ocrx_word' id='word_1_122' title='bbox 1251 969 1404 1039; x_wconf 73' lang='lat' dir='ltr'>faciteam,</span> <span class='ocrx_word' id='word_1_123' title='bbox 1418 978 1483 1036; x_wconf 83' lang='lat' dir='ltr'>etc,</span> <span class='ocrx_word' id='word_1_124' title='bbox 1498 971 1598 1025; x_wconf 83' lang='lat' dir='ltr'>riserit</span> <span class='ocrx_word' id='word_1_125' title='bbox 1614 974 1732 1031; x_wconf 86' lang='lat' dir='ltr'>uerbum.</span> 
     </span>
     <span class='ocr_line' id='line_1_11' title="bbox 114 1058 1734 1138; baseline -0.002 -15"><span class='ocrx_word' id='word_1_126' title='bbox 114 1070 187 1123; x_wconf 88' lang='lat' dir='ltr'>unde</span> <span class='ocrx_word' id='word_1_127' title='bbox 199 1068 328 1138; x_wconf 85' lang='lat' dir='ltr'>propheta</span> <span class='ocrx_word' id='word_1_128' title='bbox 344 1087 351 1122; x_wconf 89' lang='lat'>:</span> <span class='ocrx_word' id='word_1_129' title='bbox 365 1066 419 1121; x_wconf 88' lang='lat' dir='ltr'>Pro</span> <span class='ocrx_word' id='word_1_130' title='bbox 432 1065 573 1136; x_wconf 79' lang='lat' dir='ltr'>iniquitate</span> <span class='ocrx_word' id='word_1_131' title='bbox 586 1065 641 1119; x_wconf 86' lang='lat' dir='ltr'>ridi</span> <span class='ocrx_word' id='word_1_132' title='bbox 662 1063 776 1119; x_wconf 87' lang='lat' dir='ltr'>tentoria</span> <span class='ocrx_word' id='word_1_133' title='bbox 789 1061 898 1117; x_wconf 83' lang='lat' dir='ltr'>AEtlrio·</span> <span class='ocrx_word' id='word_1_134' title='bbox 947 1058 1053 1115; x_wconf 82' lang='lat' dir='ltr'>Dicitur</span> <span class='ocrx_word' id='word_1_135' title='bbox 1067 1060 1144 1131; x_wconf 83' lang='lat' dir='ltr'>virgo</span> <span class='ocrx_word' id='word_1_136' title='bbox 1157 1061 1253 1127; x_wconf 82' lang='lat' dir='ltr'>Maria,</span> <span class='ocrx_word' id='word_1_137' title='bbox 1267 1062 1339 1117; x_wconf 83' lang='lat' dir='ltr'>unus</span> <span class='ocrx_word' id='word_1_138' title='bbox 1361 1061 1445 1116; x_wconf 87' lang='lat' dir='ltr'>Dauid</span> <span class='ocrx_word' id='word_1_139' title='bbox 1463 1078 1470 1115; x_wconf 91' lang='lat'>:</span> <span class='ocrx_word' id='word_1_140' title='bbox 1491 1061 1595 1118; x_wconf 84' lang='lat' dir='ltr'>Veritas</span> <span class='ocrx_word' id='word_1_141' title='bbox 1616 1066 1647 1119; x_wconf 89' lang='lat' dir='ltr'>de</span> <span class='ocrx_word' id='word_1_142' title='bbox 1663 1075 1734 1121; x_wconf 89' lang='lat' dir='ltr'>terra</span> 
     </span>
    </p>
   </div>
   <div class='ocr_carea' id='block_1_6' title="bbox 114 1159 898 1600">
    <p class='ocr_par' dir='ltr' id='par_1_7' title="bbox 114 1159 898 1600">
     <span class='ocr_line' id='line_1_12' title="bbox 114 1159 560 1221; baseline -0.007 -6"><span class='ocrx_word' id='word_1_143' title='bbox 114 1163 176 1221; x_wconf 81' lang='lat' dir='ltr'>aire.</span> <span class='ocrx_word' id='word_1_144' title='bbox 196 1162 279 1217; x_wconf 88' lang='lat' dir='ltr'>idest</span> <span class='ocrx_word' id='word_1_145' title='bbox 294 1171 399 1216; x_wconf 86' lang='lat' dir='ltr'>secreta</span> <span class='ocrx_word' id='word_1_146' title='bbox 415 1159 560 1215; x_wconf 86' lang='lat' dir='ltr'>malorum.</span> 
     </span>
     <span class='ocr_line' id='line_1_13' title="bbox 152 1251 725 1321; baseline -0.002 -14"><span class='ocrx_word' id='word_1_147' title='bbox 152 1253 246 1308; x_wconf 84' lang='lat' dir='ltr'>Tenuis</span> <span class='ocrx_word' id='word_1_148' title='bbox 262 1253 362 1308; x_wconf 87' lang='lat' dir='ltr'>dicitur</span> <span class='ocrx_word' id='word_1_149' title='bbox 374 1252 456 1306; x_wconf 87' lang='lat' dir='ltr'>etiam</span> <span class='ocrx_word' id='word_1_150' title='bbox 467 1252 540 1316; x_wconf 84' lang='lat' dir='ltr'>vilis,</span> <span class='ocrx_word' id='word_1_151' title='bbox 555 1251 627 1307; x_wconf 86' lang='lat' dir='ltr'>unde</span> <span class='ocrx_word' id='word_1_152' title='bbox 645 1258 725 1321; x_wconf 81' lang='lat' dir='ltr'>poeto</span> 
     </span>
     <span class='ocr_line' id='line_1_14' title="bbox 220 1343 710 1415; baseline -0.004 -15"><span class='ocrx_word' id='word_1_153' title='bbox 220 1343 254 1399; x_wconf 89' lang='lat' dir='ltr'>in</span> <span class='ocrx_word' id='word_1_154' title='bbox 267 1345 338 1400; x_wconf 88' lang='lat' dir='ltr'>tenui</span> <span class='ocrx_word' id='word_1_155' title='bbox 350 1361 412 1399; x_wconf 87' lang='lat' dir='ltr'>rara</span> <span class='ocrx_word' id='word_1_156' title='bbox 423 1354 462 1399; x_wconf 91' lang='lat' dir='ltr'>est</span> <span class='ocrx_word' id='word_1_157' title='bbox 475 1344 600 1414; x_wconf 72' lang='lat' dir='ltr'>facundia</span> <span class='ocrx_word' id='word_1_158' title='bbox 613 1360 710 1415; x_wconf 85' lang='lat' dir='ltr'>panna.</span> 
     </span>
     <span class='ocr_line' id='line_1_15' title="bbox 115 1434 898 1506; baseline 0 -15"><span class='ocrx_word' id='word_1_159' title='bbox 115 1436 221 1493; x_wconf 81' lang='lat' dir='ltr'>Dicitur</span> <span class='ocrx_word' id='word_1_160' title='bbox 234 1437 316 1492; x_wconf 90' lang='lat' dir='ltr'>etiam</span> <span class='ocrx_word' id='word_1_161' title='bbox 331 1436 450 1501; x_wconf 88' lang='lat' dir='ltr'>subtilis,</span> <span class='ocrx_word' id='word_1_162' title='bbox 465 1435 538 1491; x_wconf 88' lang='lat' dir='ltr'>unde</span> <span class='ocrx_word' id='word_1_163' title='bbox 550 1435 618 1491; x_wconf 88' lang='lat' dir='ltr'>solet</span> <span class='ocrx_word' id='word_1_164' title='bbox 632 1435 686 1492; x_wconf 80' lang='lat' dir='ltr'>clici</span> <span class='ocrx_word' id='word_1_165' title='bbox 701 1434 775 1506; x_wconf 82' lang='lat' dir='ltr'>quod</span> <span class='ocrx_word' id='word_1_166' title='bbox 788 1434 898 1506; x_wconf 73' lang='lat' dir='ltr'>pinguis</span> 
     </span>
     <span class='ocr_line' id='line_1_16' title="bbox 115 1537 652 1600; baseline 0.006 -18"><span class='ocrx_word' id='word_1_167' title='bbox 115 1539 209 1585; x_wconf 83' lang='lat' dir='ltr'>uenter</span> <span class='ocrx_word' id='word_1_168' title='bbox 218 1544 273 1585; x_wconf 89' lang='lat' dir='ltr'>non</span> <span class='ocrx_word' id='word_1_169' title='bbox 285 1537 395 1600; x_wconf 79' lang='lat' dir='ltr'>generat</span> <span class='ocrx_word' id='word_1_170' title='bbox 407 1538 515 1584; x_wconf 87' lang='lat' dir='ltr'>tenuent</span> <span class='ocrx_word' id='word_1_171' title='bbox 529 1543 652 1585; x_wconf 80' lang='lat' dir='ltr'>sensum.</span> 
     </span>
    </p>
   </div>
   <div class='ocr_carea' id='block_1_7' title="bbox 947 1152 1799 1598">
    <p class='ocr_par' dir='ltr' id='par_1_8' title="bbox 947 1152 1799 1598">
     <span class='ocr_line' id='line_1_17' title="bbox 947 1152 1735 1226; baseline 0.005 -17"><span class='ocrx_word' id='word_1_172' title='bbox 947 1165 1018 1216; x_wconf 88' lang='lat' dir='ltr'>orta,</span> <span class='ocrx_word' id='word_1_173' title='bbox 1034 1153 1060 1208; x_wconf 87' lang='lat' dir='ltr'>id</span> <span class='ocrx_word' id='word_1_174' title='bbox 1071 1164 1112 1209; x_wconf 88' lang='lat' dir='ltr'>est</span> <span class='ocrx_word' id='word_1_175' title='bbox 1122 1152 1249 1208; x_wconf 83' lang='lat' dir='ltr'>Christus</span> <span class='ocrx_word' id='word_1_176' title='bbox 1262 1154 1296 1209; x_wconf 83' lang='lat' dir='ltr'>de</span> <span class='ocrx_word' id='word_1_177' title='bbox 1309 1154 1434 1226; x_wconf 79' lang='lat' dir='ltr'>Virgine3</span> <span class='ocrx_word' id='word_1_178' title='bbox 1450 1164 1477 1209; x_wconf 91' lang='grc' dir='ltr'>ει</span> <span class='ocrx_word' id='word_1_179' title='bbox 1489 1156 1552 1211; x_wconf 85' lang='lat' dir='ltr'>alibi</span> <span class='ocrx_word' id='word_1_180' title='bbox 1566 1175 1572 1212; x_wconf 92' lang='lat'>:</span> <span class='ocrx_word' id='word_1_181' title='bbox 1591 1156 1735 1226; x_wconf 77' lang='lat' dir='ltr'>aperiatur</span> 
     </span>
     <span class='ocr_line' id='line_1_18' title="bbox 949 1233 1799 1319; baseline 0.006 -18"><span class='ocrx_word' id='word_1_182' title='bbox 949 1254 1020 1301; x_wconf 89' lang='lat' dir='ltr'>terra</span> <span class='ocrx_word' id='word_1_183' title='bbox 1041 1256 1065 1300; x_wconf 94' lang='lat' dir='ltr'>et</span> <span class='ocrx_word' id='word_1_184' title='bbox 1081 1247 1207 1316; x_wconf 76' lang='lat' dir='ltr'>permanet</span> <span class='ocrx_word' id='word_1_185' title='bbox 1230 1244 1404 1303; x_wconf 77' lang='lat' dir='ltr'>saluatorem.</span> <span class='ocrx_word' id='word_1_186' title='bbox 1431 1248 1536 1304; x_wconf 85' lang='lat' dir='ltr'>Dicitur</span> <span class='ocrx_word' id='word_1_187' title='bbox 1550 1265 1668 1319; x_wconf 68' lang='lat' dir='ltr'>presens</span> <span class='ocrx_word' id='word_1_188' title='bbox 1683 1250 1735 1305; x_wconf 83' lang='lat' dir='ltr'>Ec·</span> <span class='ocrx_word' id='word_1_189' title='bbox 1793 1233 1799 1245; x_wconf 56' lang='grc'><strong><em>’</em></strong></span> 
     </span>
     <span class='ocr_line' id='line_1_19' title="bbox 948 1339 1734 1412; baseline 0.005 -17"><span class='ocrx_word' id='word_1_190' title='bbox 948 1340 1041 1405; x_wconf 87' lang='lat' dir='ltr'>clesia,</span> <span class='ocrx_word' id='word_1_191' title='bbox 1057 1341 1129 1397; x_wconf 87' lang='lat' dir='ltr'>unde</span> <span class='ocrx_word' id='word_1_192' title='bbox 1139 1339 1282 1397; x_wconf 84' lang='lat' dir='ltr'>Psalrnists</span> <span class='ocrx_word' id='word_1_193' title='bbox 1295 1360 1303 1396; x_wconf 79' lang='grc' dir='ltr'>ι</span> <span class='ocrx_word' id='word_1_194' title='bbox 1315 1341 1487 1412; x_wconf 81' lang='lat' dir='ltr'>Benedieisti,</span> <span class='ocrx_word' id='word_1_195' title='bbox 1503 1343 1621 1410; x_wconf 87' lang='lat' dir='ltr'>Domine,</span> <span class='ocrx_word' id='word_1_196' title='bbox 1636 1352 1734 1399; x_wconf 87' lang='lat' dir='ltr'>terram</span> 
     </span>
     <span class='ocr_line' id='line_1_20' title="bbox 948 1435 1734 1506; baseline 0.006 -17"><span class='ocrx_word' id='word_1_197' title='bbox 948 1445 1041 1499; x_wconf 86' lang='lat' dir='ltr'>tuam,</span> <span class='ocrx_word' id='word_1_198' title='bbox 1059 1437 1117 1491; x_wconf 76' lang='lat' dir='ltr'>bac</span> <span class='ocrx_word' id='word_1_199' title='bbox 1131 1444 1173 1491; x_wconf 90' lang='grc' dir='ltr'>εει</span> <span class='ocrx_word' id='word_1_200' title='bbox 1187 1446 1258 1490; x_wconf 89' lang='lat' dir='ltr'>terra</span> <span class='ocrx_word' id='word_1_201' title='bbox 1274 1435 1344 1491; x_wconf 90' lang='lat' dir='ltr'>bona</span> <span class='ocrx_word' id='word_1_202' title='bbox 1359 1452 1420 1506; x_wconf 76' lang='lat' dir='ltr'>arta</span> <span class='ocrx_word' id='word_1_203' title='bbox 1435 1435 1500 1492; x_wconf 88' lang='lat' dir='ltr'>lacit</span> <span class='ocrx_word' id='word_1_204' title='bbox 1513 1438 1693 1493; x_wconf 89' lang='lat' dir='ltr'>certteslnnnn</span> <span class='ocrx_word' id='word_1_205' title='bbox 1707 1447 1734 1494; x_wconf 89' lang='lat' dir='ltr'>et</span> 
     </span>
     <span class='ocr_line' id='line_1_21' title="bbox 949 1528 1731 1598; baseline 0.006 -16"><span class='ocrx_word' id='word_1_206' title='bbox 949 1528 1149 1597; x_wconf 80' lang='lat' dir='ltr'>sexagesimum</span> <span class='ocrx_word' id='word_1_207' title='bbox 1174 1536 1202 1582; x_wconf 90' lang='lat' dir='ltr'>et</span> <span class='ocrx_word' id='word_1_208' title='bbox 1225 1528 1393 1584; x_wconf 84' lang='lat' dir='ltr'>tricesimum</span> <span class='ocrx_word' id='word_1_209' title='bbox 1421 1530 1567 1598; x_wconf 64' lang='lat' dir='ltr'>iructum,</span> <span class='ocrx_word' id='word_1_210' title='bbox 1589 1542 1616 1587; x_wconf 90' lang='lat' dir='ltr'>ct</span> <span class='ocrx_word' id='word_1_211' title='bbox 1644 1533 1731 1587; x_wconf 85' lang='lat' dir='ltr'>alibi:</span> 
     </span>
    </p>
   </div>
   <div class='ocr_carea' id='block_1_8' title="bbox 116 1615 1733 1783">
    <p class='ocr_par' dir='ltr' id='par_1_9' title="bbox 116 1615 1733 1783">
     <span class='ocr_line' id='line_1_22' title="bbox 153 1615 1733 1692; baseline 0.003 -18"><span class='ocrx_word' id='word_1_212' title='bbox 153 1621 275 1691; x_wconf 85' lang='lat' dir='ltr'>Tepidae,</span> <span class='ocrx_word' id='word_1_213' title='bbox 295 1621 413 1692; x_wconf 77' lang='lat' dir='ltr'>proprie.</span> <span class='ocrx_word' id='word_1_214' title='bbox 430 1617 533 1676; x_wconf 88' lang='lat' dir='ltr'>Dicitur</span> <span class='ocrx_word' id='word_1_215' title='bbox 556 1619 600 1675; x_wconf 80' lang='lat' dir='ltr'>iile</span> <span class='ocrx_word' id='word_1_216' title='bbox 614 1619 661 1689; x_wconf 86' lang='lat' dir='ltr'>qui</span> <span class='ocrx_word' id='word_1_217' title='bbox 676 1619 811 1676; x_wconf 84' lang='lat' dir='ltr'>recedita</span> <span class='ocrx_word' id='word_1_218' title='bbox 834 1620 896 1687; x_wconf 81' lang='lat' dir='ltr'>licie,</span> <span class='ocrx_word' id='word_1_219' title='bbox 950 1615 1134 1671; x_wconf 71' lang='lat' dir='ltr'>Misericordia</span> <span class='ocrx_word' id='word_1_220' title='bbox 1144 1616 1249 1672; x_wconf 74' lang='lat' dir='ltr'>Domini</span> <span class='ocrx_word' id='word_1_221' title='bbox 1262 1618 1338 1688; x_wconf 89' lang='lat' dir='ltr'>piena</span> <span class='ocrx_word' id='word_1_222' title='bbox 1349 1629 1386 1674; x_wconf 87' lang='lat' dir='ltr'>est</span> <span class='ocrx_word' id='word_1_223' title='bbox 1401 1629 1482 1675; x_wconf 89' lang='lat' dir='ltr'>terra.</span> <span class='ocrx_word' id='word_1_224' title='bbox 1499 1619 1603 1676; x_wconf 89' lang='lat' dir='ltr'>Dicitur</span> <span class='ocrx_word' id='word_1_225' title='bbox 1613 1638 1733 1690; x_wconf 77' lang='lat' dir='ltr'>praesens</span> 
     </span>
     <span class='ocr_line' id='line_1_23' title="bbox 116 1685 1732 1783; baseline 0.004 -15"><span class='ocrx_word' id='word_1_226' title='bbox 116 1716 189 1769; x_wconf 88' lang='grc' dir='ltr'><strong>ιιιιιιε</strong></span> <span class='ocrx_word' id='word_1_227' title='bbox 209 1714 350 1769; x_wconf 81' lang='lat' dir='ltr'>ioannes:</span> <span class='ocrx_word' id='word_1_228' title='bbox 384 1713 491 1767; x_wconf 89' lang='lat' dir='ltr'>iltinam</span> <span class='ocrx_word' id='word_1_229' title='bbox 506 1709 608 1767; x_wconf 84' lang='lat' dir='ltr'>calidus</span> <span class='ocrx_word' id='word_1_230' title='bbox 625 1728 694 1768; x_wconf 87' lang='lat' dir='ltr'>esses</span> <span class='ocrx_word' id='word_1_231' title='bbox 708 1721 755 1766; x_wconf 89' lang='lat' dir='ltr'>aut</span> <span class='ocrx_word' id='word_1_232' title='bbox 768 1712 897 1783; x_wconf 67' lang='lat' dir='ltr'>ifl&#39;tl‘dllsss&#39;</span> <span class='ocrx_word' id='word_1_233' title='bbox 915 1685 935 1745; x_wconf 66' lang='grc' dir='ltr'><strong><em>Β</em></strong></span> <span class='ocrx_word' id='word_1_234' title='bbox 950 1714 1080 1769; x_wconf 77' lang='lat' dir='ltr'>saeculum</span> <span class='ocrx_word' id='word_1_235' title='bbox 1093 1755 1101 1779; x_wconf 89' lang='lat'>‚</span> <span class='ocrx_word' id='word_1_236' title='bbox 1116 1716 1188 1772; x_wconf 85' lang='lat' dir='ltr'>uude</span> <span class='ocrx_word' id='word_1_237' title='bbox 1209 1699 1316 1772; x_wconf 64' lang='lat' dir='ltr'>Divisi:</span> <span class='ocrx_word' id='word_1_238' title='bbox 1337 1715 1368 1771; x_wconf 87' lang='lat' dir='ltr'>ia</span> <span class='ocrx_word' id='word_1_239' title='bbox 1383 1727 1453 1774; x_wconf 88' lang='lat' dir='ltr'>terra</span> <span class='ocrx_word' id='word_1_240' title='bbox 1480 1723 1583 1774; x_wconf 87' lang='lat' dir='ltr'>deserta</span> <span class='ocrx_word' id='word_1_241' title='bbox 1601 1729 1628 1774; x_wconf 89' lang='lat' dir='ltr'>et</span> <span class='ocrx_word' id='word_1_242' title='bbox 1650 1721 1732 1775; x_wconf 78' lang='lat' dir='ltr'>insuia.</span> 
     </span>
    </p>
   </div>
   <div class='ocr_carea' id='block_1_9' title="bbox 115 1802 1736 2335">
    <p class='ocr_par' dir='ltr' id='par_1_10' title="bbox 115 1802 1733 1880">
     <span class='ocr_line' id='line_1_24' title="bbox 115 1802 1733 1880; baseline 0.003 -18"><span class='ocrx_word' id='word_1_243' title='bbox 115 1808 160 1862; x_wconf 88' lang='lat' dir='ltr'>sed</span> <span class='ocrx_word' id='word_1_244' title='bbox 173 1806 236 1878; x_wconf 79' lang='lat' dir='ltr'>auia</span> <span class='ocrx_word' id='word_1_245' title='bbox 260 1806 410 1877; x_wconf 84' lang='lat' dir='ltr'>tepidares,</span> <span class='ocrx_word' id='word_1_246' title='bbox 421 1820 538 1859; x_wconf 84' lang='lat' dir='ltr'>coemam</span> <span class='ocrx_word' id='word_1_247' title='bbox 551 1812 576 1858; x_wconf 89' lang='lat' dir='ltr'>te</span> <span class='ocrx_word' id='word_1_248' title='bbox 590 1804 622 1857; x_wconf 87' lang='lat' dir='ltr'>ab</span> <span class='ocrx_word' id='word_1_249' title='bbox 637 1820 765 1868; x_wconf 88' lang='lat' dir='ltr'>aremea;</span> <span class='ocrx_word' id='word_1_250' title='bbox 780 1803 895 1874; x_wconf 79' lang='lat' dir='ltr'>frigidus</span> <span class='ocrx_word' id='word_1_251' title='bbox 952 1802 1058 1859; x_wconf 87' lang='lat' dir='ltr'>Dicitur</span> <span class='ocrx_word' id='word_1_252' title='bbox 1079 1805 1132 1860; x_wconf 89' lang='lat' dir='ltr'>rita</span> <span class='ocrx_word' id='word_1_253' title='bbox 1156 1817 1257 1862; x_wconf 76' lang='lat' dir='ltr'>aterna</span> <span class='ocrx_word' id='word_1_254' title='bbox 1282 1823 1342 1878; x_wconf 75' lang='lat' dir='ltr'>quse</span> <span class='ocrx_word' id='word_1_255' title='bbox 1362 1819 1472 1880; x_wconf 88' lang='lat' dir='ltr'>propter</span> <span class='ocrx_word' id='word_1_256' title='bbox 1487 1810 1529 1865; x_wconf 91' lang='lat' dir='ltr'>sui</span> <span class='ocrx_word' id='word_1_257' title='bbox 1556 1811 1733 1867; x_wconf 76' lang='lat' dir='ltr'>stabilitatem</span> 
     </span>
    </p>

    <p class='ocr_par' dir='ltr' id='par_1_11' title="bbox 115 1895 1732 1974">
     <span class='ocr_line' id='line_1_25' title="bbox 115 1895 1732 1974; baseline 0.002 -19"><span class='ocrx_word' id='word_1_258' title='bbox 115 1909 158 1957; x_wconf 88' lang='grc' dir='ltr'>εει</span> <span class='ocrx_word' id='word_1_259' title='bbox 172 1902 217 1968; x_wconf 79' lang='lat' dir='ltr'>spui</span> <span class='ocrx_word' id='word_1_260' title='bbox 231 1914 370 1969; x_wconf 80' lang='lat' dir='ltr'>utinquam</span> <span class='ocrx_word' id='word_1_261' title='bbox 386 1896 474 1953; x_wconf 85' lang='lat' dir='ltr'>luitin</span> <span class='ocrx_word' id='word_1_262' title='bbox 486 1895 557 1963; x_wconf 85' lang='lat' dir='ltr'>uae,</span> <span class='ocrx_word' id='word_1_263' title='bbox 578 1895 683 1953; x_wconf 82' lang='lat' dir='ltr'>calidus</span> <span class='ocrx_word' id='word_1_264' title='bbox 693 1895 740 1966; x_wconf 83' lang='lat' dir='ltr'>qui</span> <span class='ocrx_word' id='word_1_265' title='bbox 753 1895 854 1951; x_wconf 85' lang='lat' dir='ltr'>mansit</span> <span class='ocrx_word' id='word_1_266' title='bbox 867 1897 894 1950; x_wconf 89' lang='lat' dir='ltr'>in</span> <span class='ocrx_word' id='word_1_267' title='bbox 949 1895 1051 1951; x_wconf 77' lang='lat' dir='ltr'>elicitur</span> <span class='ocrx_word' id='word_1_268' title='bbox 1064 1905 1146 1963; x_wconf 84' lang='lat' dir='ltr'>terra,</span> <span class='ocrx_word' id='word_1_269' title='bbox 1171 1899 1242 1954; x_wconf 89' lang='lat' dir='ltr'>uude</span> <span class='ocrx_word' id='word_1_270' title='bbox 1256 1898 1400 1971; x_wconf 83' lang='lat' dir='ltr'>Psalmista</span> <span class='ocrx_word' id='word_1_271' title='bbox 1415 1918 1422 1955; x_wconf 83' lang='grc' dir='ltr'>ι</span> <span class='ocrx_word' id='word_1_272' title='bbox 1442 1901 1504 1957; x_wconf 89' lang='lat' dir='ltr'>Non</span> <span class='ocrx_word' id='word_1_273' title='bbox 1515 1903 1553 1957; x_wconf 88' lang='lat' dir='ltr'>sie</span> <span class='ocrx_word' id='word_1_274' title='bbox 1566 1904 1653 1974; x_wconf 77' lang='lat' dir='ltr'>irrepsi,</span> <span class='ocrx_word' id='word_1_275' title='bbox 1667 1913 1732 1971; x_wconf 73' lang='lat' dir='ltr'>etc..</span> 
     </span>
    </p>

    <p class='ocr_par' dir='ltr' id='par_1_12' title="bbox 116 1985 1736 2154">
     <span class='ocr_line' id='line_1_26' title="bbox 116 1985 1734 2060; baseline 0.002 -14"><span class='ocrx_word' id='word_1_276' title='bbox 116 1992 206 2047; x_wconf 83' lang='lat' dir='ltr'>tidcet</span> <span class='ocrx_word' id='word_1_277' title='bbox 219 1991 290 2047; x_wconf 90' lang='lat' dir='ltr'>bono</span> <span class='ocrx_word' id='word_1_278' title='bbox 303 2005 395 2060; x_wconf 86' lang='lat' dir='ltr'>opere,</span> <span class='ocrx_word' id='word_1_279' title='bbox 408 1988 515 2059; x_wconf 85' lang='lat' dir='ltr'>tepitlus</span> <span class='ocrx_word' id='word_1_280' title='bbox 529 1986 576 2058; x_wconf 83' lang='lat' dir='ltr'>qui</span> <span class='ocrx_word' id='word_1_281' title='bbox 590 1986 721 2042; x_wconf 87' lang='lat' dir='ltr'>recedita</span> <span class='ocrx_word' id='word_1_282' title='bbox 738 1985 801 2041; x_wconf 87' lang='lat' dir='ltr'>lide.</span> <span class='ocrx_word' id='word_1_283' title='bbox 950 2005 968 2042; x_wconf 88' lang='lat' dir='ltr'>a</span> <span class='ocrx_word' id='word_1_284' title='bbox 992 1988 1061 2057; x_wconf 70' lang='lat' dir='ltr'>[acie</span> <span class='ocrx_word' id='word_1_285' title='bbox 1079 1997 1166 2044; x_wconf 83' lang='lat' dir='ltr'>terre.</span> <span class='ocrx_word' id='word_1_286' title='bbox 1184 1989 1289 2047; x_wconf 87' lang='lat' dir='ltr'>Dicitur</span> <span class='ocrx_word' id='word_1_287' title='bbox 1315 1992 1450 2059; x_wconf 79' lang='lat' dir='ltr'>infernus,</span> <span class='ocrx_word' id='word_1_288' title='bbox 1474 1995 1547 2051; x_wconf 88' lang='lat' dir='ltr'>unde</span> <span class='ocrx_word' id='word_1_289' title='bbox 1566 1995 1620 2050; x_wconf 77' lang='lat' dir='ltr'>lois</span> <span class='ocrx_word' id='word_1_290' title='bbox 1641 2014 1648 2050; x_wconf 76' lang='grc' dir='ltr'>ε</span> <span class='ocrx_word' id='word_1_291' title='bbox 1681 1995 1734 2051; x_wconf 86' lang='lat' dir='ltr'>i&#39;a-</span> 
     </span>
     <span class='ocr_line' id='line_1_27' title="bbox 154 2076 1736 2154; baseline 0.003 -18"><span class='ocrx_word' id='word_1_292' title='bbox 154 2082 289 2137; x_wconf 85' lang='lat' dir='ltr'>Terminus</span> <span class='ocrx_word' id='word_1_293' title='bbox 302 2080 410 2151; x_wconf 90' lang='lat' dir='ltr'>proprie</span> <span class='ocrx_word' id='word_1_294' title='bbox 431 2078 531 2134; x_wconf 85' lang='lat' dir='ltr'>dicitur</span> <span class='ocrx_word' id='word_1_295' title='bbox 552 2076 615 2131; x_wconf 88' lang='lat' dir='ltr'>linis</span> <span class='ocrx_word' id='word_1_296' title='bbox 631 2076 723 2140; x_wconf 86' lang='lat' dir='ltr'>rei,ct</span> <span class='ocrx_word' id='word_1_297' title='bbox 737 2084 778 2132; x_wconf 90' lang='lat' dir='ltr'>est</span> <span class='ocrx_word' id='word_1_298' title='bbox 802 2076 895 2132; x_wconf 87' lang='lat' dir='ltr'>termi-</span> <span class='ocrx_word' id='word_1_299' title='bbox 949 2077 1015 2132; x_wconf 86' lang='lat' dir='ltr'>dam</span> <span class='ocrx_word' id='word_1_300' title='bbox 1029 2078 1064 2132; x_wconf 86' lang='lat' dir='ltr'>ud</span> <span class='ocrx_word' id='word_1_301' title='bbox 1077 2088 1173 2135; x_wconf 88' lang='lat' dir='ltr'>terram</span> <span class='ocrx_word' id='word_1_302' title='bbox 1194 2079 1356 2135; x_wconf 85' lang='lat' dir='ltr'>tenebrosam</span> <span class='ocrx_word' id='word_1_303' title='bbox 1377 2091 1402 2137; x_wconf 89' lang='lat' dir='ltr'>et</span> <span class='ocrx_word' id='word_1_304' title='bbox 1420 2094 1536 2154; x_wconf 86' lang='lat' dir='ltr'>opertam</span> <span class='ocrx_word' id='word_1_305' title='bbox 1558 2086 1650 2139; x_wconf 85' lang='lat' dir='ltr'>mortis</span> <span class='ocrx_word' id='word_1_306' title='bbox 1670 2085 1736 2141; x_wconf 84' lang='lat' dir='ltr'>cali·</span> 
     </span>
    </p>

    <p class='ocr_par' dir='ltr' id='par_1_13' title="bbox 117 2167 1099 2242">
     <span class='ocr_line' id='line_1_28' title="bbox 117 2167 1099 2242; baseline -0.003 -13"><span class='ocrx_word' id='word_1_307' title='bbox 117 2190 170 2230; x_wconf 91' lang='lat' dir='ltr'>nus</span> <span class='ocrx_word' id='word_1_308' title='bbox 189 2182 265 2228; x_wconf 88' lang='lat' dir='ltr'>extra</span> <span class='ocrx_word' id='word_1_309' title='bbox 289 2181 433 2242; x_wconf 86' lang='lat' dir='ltr'>sumptus,</span> <span class='ocrx_word' id='word_1_310' title='bbox 457 2178 484 2226; x_wconf 93' lang='grc' dir='ltr'>ει</span> <span class='ocrx_word' id='word_1_311' title='bbox 508 2168 640 2225; x_wconf 89' lang='lat' dir='ltr'>terminus</span> <span class='ocrx_word' id='word_1_312' title='bbox 663 2167 734 2222; x_wconf 85' lang='lat' dir='ltr'>intra</span> <span class='ocrx_word' id='word_1_313' title='bbox 758 2174 894 2236; x_wconf 83' lang='lat' dir='ltr'>sumptus.</span> <span class='ocrx_word' id='word_1_314' title='bbox 950 2170 1099 2242; x_wconf 61' lang='lat' dir='ltr'>pinuetc.</span> 
     </span>
    </p>

    <p class='ocr_par' dir='ltr' id='par_1_14' title="bbox 118 2260 1732 2335">
     <span class='ocr_line' id='line_1_29' title="bbox 118 2260 1732 2335; baseline -0.001 -14"><span class='ocrx_word' id='word_1_315' title='bbox 118 2265 262 2322; x_wconf 84' lang='lat' dir='ltr'>Terminus</span> <span class='ocrx_word' id='word_1_316' title='bbox 277 2274 353 2321; x_wconf 83' lang='lat' dir='ltr'>extra</span> <span class='ocrx_word' id='word_1_317' title='bbox 370 2278 498 2335; x_wconf 89' lang='lat' dir='ltr'>sumptus</span> <span class='ocrx_word' id='word_1_318' title='bbox 512 2261 612 2317; x_wconf 80' lang='lat' dir='ltr'>(licitur</span> <span class='ocrx_word' id='word_1_319' title='bbox 625 2260 690 2315; x_wconf 90' lang='lat' dir='ltr'>iilud</span> <span class='ocrx_word' id='word_1_320' title='bbox 703 2261 777 2330; x_wconf 83' lang='lat' dir='ltr'>quoti</span> <span class='ocrx_word' id='word_1_321' title='bbox 797 2260 896 2315; x_wconf 89' lang='lat' dir='ltr'>distin·</span> <span class='ocrx_word' id='word_1_322' title='bbox 987 2260 1123 2319; x_wconf 84' lang='lat' dir='ltr'>Terribilis</span> <span class='ocrx_word' id='word_1_323' title='bbox 1145 2263 1218 2319; x_wconf 88' lang='lat' dir='ltr'>idem</span> <span class='ocrx_word' id='word_1_324' title='bbox 1233 2271 1275 2320; x_wconf 90' lang='grc' dir='ltr'>εει</span> <span class='ocrx_word' id='word_1_325' title='bbox 1300 2265 1372 2335; x_wconf 88' lang='lat' dir='ltr'>quoti</span> <span class='ocrx_word' id='word_1_326' title='bbox 1395 2265 1550 2332; x_wconf 84' lang='lat' dir='ltr'>horribilis,</span> <span class='ocrx_word' id='word_1_327' title='bbox 1566 2268 1639 2323; x_wconf 83' lang='lat' dir='ltr'>unde</span> <span class='ocrx_word' id='word_1_328' title='bbox 1656 2266 1732 2326; x_wconf 84' lang='lat' dir='ltr'>iac.:</span> 
     </span>
    </p>
   </div>
   <div class='ocr_carea' id='block_1_10' title="bbox 117 2351 1734 2982">
    <p class='ocr_par' dir='ltr' id='par_1_15' title="bbox 117 2351 1734 2703">
     <span class='ocr_line' id='line_1_30' title="bbox 118 2351 1734 2432; baseline 0.002 -18"><span class='ocrx_word' id='word_1_329' title='bbox 118 2360 177 2432; x_wconf 74' lang='lat' dir='ltr'>guil</span> <span class='ocrx_word' id='word_1_330' title='bbox 201 2373 296 2429; x_wconf 79' lang='lat' dir='ltr'>agrurn</span> <span class='ocrx_word' id='word_1_331' title='bbox 313 2357 348 2412; x_wconf 84' lang='lat' dir='ltr'>ab</span> <span class='ocrx_word' id='word_1_332' title='bbox 363 2371 427 2428; x_wconf 63' lang='lat' dir='ltr'>affro</span> <span class='ocrx_word' id='word_1_333' title='bbox 441 2356 483 2410; x_wconf 86' lang='lat' dir='ltr'>rel</span> <span class='ocrx_word' id='word_1_334' title='bbox 501 2356 645 2422; x_wconf 85' lang='lat' dir='ltr'>terminat,</span> <span class='ocrx_word' id='word_1_335' title='bbox 660 2364 690 2410; x_wconf 92' lang='grc' dir='ltr'>ιιι</span> <span class='ocrx_word' id='word_1_336' title='bbox 706 2355 775 2424; x_wconf 85' lang='lat' dir='ltr'>lapis</span> <span class='ocrx_word' id='word_1_337' title='bbox 789 2355 831 2408; x_wconf 85' lang='lat' dir='ltr'>rel</span> <span class='ocrx_word' id='word_1_338' title='bbox 846 2351 896 2408; x_wconf 90' lang='lat' dir='ltr'>sti-</span> <span class='ocrx_word' id='word_1_339' title='bbox 950 2352 1039 2421; x_wconf 83' lang='lat' dir='ltr'>Quam</span> <span class='ocrx_word' id='word_1_340' title='bbox 1052 2353 1178 2409; x_wconf 88' lang='lat' dir='ltr'>terribilis</span> <span class='ocrx_word' id='word_1_341' title='bbox 1195 2365 1234 2409; x_wconf 85' lang='lat' dir='ltr'>est</span> <span class='ocrx_word' id='word_1_342' title='bbox 1249 2355 1322 2410; x_wconf 88' lang='lat' dir='ltr'>lucus</span> <span class='ocrx_word' id='word_1_343' title='bbox 1338 2356 1400 2411; x_wconf 87' lang='lat' dir='ltr'>illel</span> <span class='ocrx_word' id='word_1_344' title='bbox 1414 2356 1518 2414; x_wconf 86' lang='lat' dir='ltr'>Dicitur</span> <span class='ocrx_word' id='word_1_345' title='bbox 1530 2359 1630 2430; x_wconf 86' lang='lat' dir='ltr'>aliquis</span> <span class='ocrx_word' id='word_1_346' title='bbox 1643 2369 1734 2417; x_wconf 80' lang='lat' dir='ltr'>terro·</span> 
     </span>
     <span class='ocr_line' id='line_1_31' title="bbox 117 2445 1732 2523; baseline -0.001 -16"><span class='ocrx_word' id='word_1_347' title='bbox 117 2466 177 2523; x_wconf 87' lang='lat' dir='ltr'>pes.</span> <span class='ocrx_word' id='word_1_348' title='bbox 194 2450 246 2507; x_wconf 88' lang='lat' dir='ltr'>Sed</span> <span class='ocrx_word' id='word_1_349' title='bbox 260 2451 391 2506; x_wconf 89' lang='lat' dir='ltr'>terminus</span> <span class='ocrx_word' id='word_1_350' title='bbox 407 2450 479 2503; x_wconf 87' lang='lat' dir='ltr'>intra</span> <span class='ocrx_word' id='word_1_351' title='bbox 506 2457 631 2519; x_wconf 87' lang='lat' dir='ltr'>sumptus</span> <span class='ocrx_word' id='word_1_352' title='bbox 642 2456 684 2505; x_wconf 89' lang='lat' dir='ltr'>cst</span> <span class='ocrx_word' id='word_1_353' title='bbox 696 2455 816 2503; x_wconf 80' lang='lat' dir='ltr'>extremm</span> <span class='ocrx_word' id='word_1_354' title='bbox 833 2460 897 2516; x_wconf 78' lang='lat' dir='ltr'>pers</span> <span class='ocrx_word' id='word_1_355' title='bbox 951 2461 1009 2502; x_wconf 88' lang='lat' dir='ltr'>reor</span> <span class='ocrx_word' id='word_1_356' title='bbox 1021 2446 1180 2512; x_wconf 88' lang='lat' dir='ltr'>ostendens,</span> <span class='ocrx_word' id='word_1_357' title='bbox 1192 2445 1265 2503; x_wconf 86' lang='lat' dir='ltr'>unde</span> <span class='ocrx_word' id='word_1_358' title='bbox 1279 2445 1362 2501; x_wconf 71' lang='lat' dir='ltr'>Daniel</span> <span class='ocrx_word' id='word_1_359' title='bbox 1380 2466 1387 2502; x_wconf 92' lang='lat'>:</span> <span class='ocrx_word' id='word_1_360' title='bbox 1402 2446 1440 2501; x_wconf 89' lang='lat' dir='ltr'>Tu</span> <span class='ocrx_word' id='word_1_361' title='bbox 1456 2449 1583 2504; x_wconf 83' lang='lat' dir='ltr'>terribilis</span> <span class='ocrx_word' id='word_1_362' title='bbox 1598 2467 1624 2506; x_wconf 91' lang='lat' dir='ltr'>es</span> <span class='ocrx_word' id='word_1_363' title='bbox 1637 2460 1662 2506; x_wconf 90' lang='lat' dir='ltr'>et</span> <span class='ocrx_word' id='word_1_364' title='bbox 1673 2453 1732 2523; x_wconf 81' lang='lat' dir='ltr'>puis</span> 
     </span>
     <span class='ocr_line' id='line_1_32' title="bbox 117 2537 1731 2612; baseline 0.003 -17"><span class='ocrx_word' id='word_1_365' title='bbox 117 2541 267 2612; x_wconf 52' lang='lat' dir='ltr'>amande</span> <span class='ocrx_word' id='word_1_366' title='bbox 277 2540 407 2610; x_wconf 88' lang='lat' dir='ltr'>propheta</span> <span class='ocrx_word' id='word_1_367' title='bbox 421 2539 510 2611; x_wconf 73' lang='lat' dir='ltr'>arguit</span> <span class='ocrx_word' id='word_1_368' title='bbox 520 2553 567 2593; x_wconf 88' lang='lat' dir='ltr'>eos</span> <span class='ocrx_word' id='word_1_369' title='bbox 581 2538 627 2609; x_wconf 86' lang='lat' dir='ltr'>qui</span> <span class='ocrx_word' id='word_1_370' title='bbox 639 2539 791 2608; x_wconf 72' lang='lat' dir='ltr'>adjungunt</span> <span class='ocrx_word' id='word_1_371' title='bbox 802 2551 896 2607; x_wconf 69' lang='lat' dir='ltr'>aarum</span> <span class='ocrx_word' id='word_1_372' title='bbox 950 2538 1062 2604; x_wconf 85' lang='lat' dir='ltr'>resistet,</span> <span class='ocrx_word' id='word_1_373' title='bbox 1076 2548 1128 2593; x_wconf 89' lang='lat' dir='ltr'>etc.</span> <span class='ocrx_word' id='word_1_374' title='bbox 1143 2537 1246 2593; x_wconf 86' lang='lat' dir='ltr'>Dicitur</span> <span class='ocrx_word' id='word_1_375' title='bbox 1268 2538 1445 2605; x_wconf 73' lang='lat' dir='ltr'>ruminabitis,</span> <span class='ocrx_word' id='word_1_376' title='bbox 1468 2540 1538 2596; x_wconf 87' lang='lat' dir='ltr'>uude</span> <span class='ocrx_word' id='word_1_377' title='bbox 1560 2539 1704 2599; x_wconf 82' lang='lat' dir='ltr'>Psalnrista</span> <span class='ocrx_word' id='word_1_378' title='bbox 1723 2563 1731 2600; x_wconf 76' lang='grc' dir='ltr'>ι</span> 
     </span>
     <span class='ocr_line' id='line_1_33' title="bbox 117 2625 1549 2703; baseline 0.001 -17"><span class='ocrx_word' id='word_1_379' title='bbox 117 2647 185 2703; x_wconf 74' lang='lat' dir='ltr'>agro</span> <span class='ocrx_word' id='word_1_380' title='bbox 199 2646 286 2701; x_wconf 84' lang='lat' dir='ltr'>usquc</span> <span class='ocrx_word' id='word_1_381' title='bbox 302 2632 334 2686; x_wconf 86' lang='lat' dir='ltr'>ad</span> <span class='ocrx_word' id='word_1_382' title='bbox 349 2630 494 2685; x_wconf 87' lang='lat' dir='ltr'>terminum</span> <span class='ocrx_word' id='word_1_383' title='bbox 510 2628 564 2685; x_wconf 88' lang='lat' dir='ltr'>loci</span> <span class='ocrx_word' id='word_1_384' title='bbox 579 2631 621 2685; x_wconf 80' lang='lat' dir='ltr'>sci</span> <span class='ocrx_word' id='word_1_385' title='bbox 636 2629 697 2684; x_wconf 86' lang='lat' dir='ltr'>loci.</span> <span class='ocrx_word' id='word_1_386' title='bbox 718 2627 821 2683; x_wconf 88' lang='lat' dir='ltr'>Dicitur</span> <span class='ocrx_word' id='word_1_387' title='bbox 836 2625 898 2683; x_wconf 88' lang='lat' dir='ltr'>linis</span> <span class='ocrx_word' id='word_1_388' title='bbox 951 2629 1038 2694; x_wconf 84' lang='lat' dir='ltr'>Quam</span> <span class='ocrx_word' id='word_1_389' title='bbox 1052 2629 1181 2684; x_wconf 70' lang='lat' dir='ltr'>terribilia</span> <span class='ocrx_word' id='word_1_390' title='bbox 1191 2640 1251 2685; x_wconf 87' lang='grc' dir='ltr'><strong>ιιιιιι</strong></span> <span class='ocrx_word' id='word_1_391' title='bbox 1263 2646 1342 2700; x_wconf 85' lang='lat' dir='ltr'>opera</span> <span class='ocrx_word' id='word_1_392' title='bbox 1358 2640 1414 2698; x_wconf 83' lang='lat' dir='ltr'>tau,</span> <span class='ocrx_word' id='word_1_393' title='bbox 1429 2629 1549 2687; x_wconf 78' lang='lat' dir='ltr'>Dauniae.</span> 
     </span>
    </p>

    <p class='ocr_par' dir='ltr' id='par_1_16' title="bbox 118 2719 1733 2887">
     <span class='ocr_line' id='line_1_34' title="bbox 118 2719 1733 2796; baseline 0.004 -18"><span class='ocrx_word' id='word_1_394' title='bbox 118 2725 195 2790; x_wconf 80' lang='lat' dir='ltr'>niue,</span> <span class='ocrx_word' id='word_1_395' title='bbox 221 2723 292 2778; x_wconf 90' lang='lat' dir='ltr'>uude</span> <span class='ocrx_word' id='word_1_396' title='bbox 308 2723 391 2778; x_wconf 81' lang='lat' dir='ltr'>Dauid</span> <span class='ocrx_word' id='word_1_397' title='bbox 408 2738 415 2775; x_wconf 75' lang='grc' dir='ltr'>ε</span> <span class='ocrx_word' id='word_1_398' title='bbox 434 2721 586 2777; x_wconf 85' lang='lat' dir='ltr'>Terminum</span> <span class='ocrx_word' id='word_1_399' title='bbox 614 2720 726 2792; x_wconf 83' lang='lat' dir='ltr'>posuisti</span> <span class='ocrx_word' id='word_1_400' title='bbox 748 2735 824 2791; x_wconf 83' lang='lat' dir='ltr'>quem</span> <span class='ocrx_word' id='word_1_401' title='bbox 848 2734 899 2773; x_wconf 88' lang='lat' dir='ltr'>non</span> <span class='ocrx_word' id='word_1_402' title='bbox 988 2719 1097 2777; x_wconf 80' lang='lat' dir='ltr'>Tereum</span> <span class='ocrx_word' id='word_1_403' title='bbox 1119 2722 1219 2777; x_wconf 84' lang='lat' dir='ltr'>dicitur</span> <span class='ocrx_word' id='word_1_404' title='bbox 1238 2731 1393 2795; x_wconf 79' lang='lat' dir='ltr'>purgalum.</span> <span class='ocrx_word' id='word_1_405' title='bbox 1410 2722 1513 2779; x_wconf 88' lang='lat' dir='ltr'>Dicitur</span> <span class='ocrx_word' id='word_1_406' title='bbox 1534 2726 1733 2796; x_wconf 67' lang='lat' dir='ltr'>pneumaticis</span> 
     </span>
     <span class='ocr_line' id='line_1_35' title="bbox 119 2798 1507 2887; baseline 0.006 -21"><span class='ocrx_word' id='word_1_407' title='bbox 119 2815 354 2884; x_wconf 73' lang='lat' dir='ltr'>manupredientur.</span> <span class='ocrx_word' id='word_1_408' title='bbox 367 2798 626 2876; x_wconf 76' lang='lat' dir='ltr'>Diciturdis&#39;tinctio,</span> <span class='ocrx_word' id='word_1_409' title='bbox 642 2807 900 2879; x_wconf 76' lang='lat' dir='ltr'>andelagiturquotl</span> <span class='ocrx_word' id='word_1_410' title='bbox 950 2812 1028 2871; x_wconf 85' lang='lat' dir='ltr'>Plato</span> <span class='ocrx_word' id='word_1_411' title='bbox 1042 2816 1182 2887; x_wconf 89' lang='lat' dir='ltr'>specuium</span> <span class='ocrx_word' id='word_1_412' title='bbox 1195 2817 1291 2886; x_wconf 87' lang='lat' dir='ltr'>purius</span> <span class='ocrx_word' id='word_1_413' title='bbox 1306 2826 1385 2873; x_wconf 82' lang='lat' dir='ltr'>uocat</span> <span class='ocrx_word' id='word_1_414' title='bbox 1398 2818 1507 2874; x_wconf 89' lang='lat' dir='ltr'>tersius.</span> 
     </span>
    </p>

    <p class='ocr_par' dir='ltr' id='par_1_17' title="bbox 118 2902 1732 2982">
     <span class='ocr_line' id='line_1_36' title="bbox 118 2902 1732 2982; baseline 0.005 -21"><span class='ocrx_word' id='word_1_415' title='bbox 118 2908 255 2962; x_wconf 85' lang='lat' dir='ltr'>constituit</span> <span class='ocrx_word' id='word_1_416' title='bbox 278 2906 404 2961; x_wconf 86' lang='lat' dir='ltr'>terminos</span> <span class='ocrx_word' id='word_1_417' title='bbox 422 2905 578 2977; x_wconf 86' lang='lat' dir='ltr'>popularum</span> <span class='ocrx_word' id='word_1_418' title='bbox 588 2905 669 2974; x_wconf 83' lang='lat' dir='ltr'>jacta</span> <span class='ocrx_word' id='word_1_419' title='bbox 682 2919 819 2958; x_wconf 86' lang='lat' dir='ltr'>numerum</span> <span class='ocrx_word' id='word_1_420' title='bbox 833 2902 901 2972; x_wconf 73' lang='lat' dir='ltr'>lilio·</span> <span class='ocrx_word' id='word_1_421' title='bbox 988 2908 1084 2975; x_wconf 88' lang='lat' dir='ltr'>Testa,</span> <span class='ocrx_word' id='word_1_422' title='bbox 1099 2910 1217 2981; x_wconf 78' lang='lat' dir='ltr'>proprie.</span> <span class='ocrx_word' id='word_1_423' title='bbox 1234 2909 1338 2965; x_wconf 88' lang='lat' dir='ltr'>Dicitur</span> <span class='ocrx_word' id='word_1_424' title='bbox 1360 2910 1478 2965; x_wconf 88' lang='lat' dir='ltr'>humana</span> <span class='ocrx_word' id='word_1_425' title='bbox 1501 2909 1605 2968; x_wconf 84' lang='lat' dir='ltr'>Christi</span> <span class='ocrx_word' id='word_1_426' title='bbox 1624 2923 1732 2982; x_wconf 83' lang='lat' dir='ltr'>uatttra,</span> 
     </span>
    </p>
   </div>
   <div class='ocr_carea' id='block_1_11' title="bbox 119 2997 1735 4451">
    <p class='ocr_par' dir='ltr' id='par_1_18' title="bbox 119 2997 1735 4451">
     <span class='ocr_line' id='line_1_37' title="bbox 120 2997 1733 3071; baseline 0.005 -20"><span class='ocrx_word' id='word_1_427' title='bbox 120 3015 178 3051; x_wconf 86' lang='lat' dir='ltr'>rum</span> <span class='ocrx_word' id='word_1_428' title='bbox 196 2997 290 3053; x_wconf 89' lang='lat' dir='ltr'>israel.</span> <span class='ocrx_word' id='word_1_429' title='bbox 953 2999 1028 3056; x_wconf 87' lang='lat' dir='ltr'>unde</span> <span class='ocrx_word' id='word_1_430' title='bbox 1043 2998 1128 3055; x_wconf 85' lang='lat' dir='ltr'>Dauid</span> <span class='ocrx_word' id='word_1_431' title='bbox 1144 3016 1153 3054; x_wconf 74' lang='grc' dir='ltr'>ι</span> <span class='ocrx_word' id='word_1_432' title='bbox 1167 2999 1246 3053; x_wconf 80' lang='lat' dir='ltr'>tiruit</span> <span class='ocrx_word' id='word_1_433' title='bbox 1257 3007 1384 3071; x_wconf 81' lang='lat' dir='ltr'>tanquam</span> <span class='ocrx_word' id='word_1_434' title='bbox 1394 3010 1461 3053; x_wconf 82' lang='lat' dir='ltr'>teste</span> <span class='ocrx_word' id='word_1_435' title='bbox 1475 3002 1557 3057; x_wconf 78' lang='lat' dir='ltr'>uirtus</span> <span class='ocrx_word' id='word_1_436' title='bbox 1572 3019 1640 3071; x_wconf 89' lang='lat' dir='ltr'>mea,</span> <span class='ocrx_word' id='word_1_437' title='bbox 1655 3005 1681 3059; x_wconf 84' lang='lat' dir='ltr'>iti</span> <span class='ocrx_word' id='word_1_438' title='bbox 1692 3014 1733 3062; x_wconf 86' lang='grc' dir='ltr'>εει</span> 
     </span>
     <span class='ocr_line' id='line_1_38' title="bbox 158 3087 1733 3166; baseline 0.004 -20"><span class='ocrx_word' id='word_1_439' title='bbox 158 3090 238 3146; x_wconf 85' lang='lat' dir='ltr'>Terra</span> <span class='ocrx_word' id='word_1_440' title='bbox 264 3090 371 3161; x_wconf 88' lang='lat' dir='ltr'>proprie</span> <span class='ocrx_word' id='word_1_441' title='bbox 396 3090 535 3145; x_wconf 83' lang='lat' dir='ltr'>mundana</span> <span class='ocrx_word' id='word_1_442' title='bbox 564 3090 703 3155; x_wconf 85' lang='lat' dir='ltr'>machina,</span> <span class='ocrx_word' id='word_1_443' title='bbox 730 3089 803 3145; x_wconf 88' lang='lat' dir='ltr'>unde</span> <span class='ocrx_word' id='word_1_444' title='bbox 823 3087 899 3160; x_wconf 79' lang='lat' dir='ltr'>bloy-</span> <span class='ocrx_word' id='word_1_445' title='bbox 950 3091 1295 3147; x_wconf 76' lang='lat' dir='ltr'>virtushumanaenaturre</span> <span class='ocrx_word' id='word_1_446' title='bbox 1313 3106 1379 3147; x_wconf 78' lang='lat' dir='ltr'>mere</span> <span class='ocrx_word' id='word_1_447' title='bbox 1397 3092 1524 3148; x_wconf 85' lang='lat' dir='ltr'>roborata</span> <span class='ocrx_word' id='word_1_448' title='bbox 1538 3102 1581 3149; x_wconf 90' lang='lat' dir='ltr'>est</span> <span class='ocrx_word' id='word_1_449' title='bbox 1598 3098 1733 3166; x_wconf 75' lang='lat' dir='ltr'>passionis</span> 
     </span>
     <span class='ocr_line' id='line_1_39' title="bbox 120 3181 1732 3255; baseline 0.001 -14"><span class='ocrx_word' id='word_1_450' title='bbox 120 3199 165 3241; x_wconf 86' lang='lat' dir='ltr'>ses</span> <span class='ocrx_word' id='word_1_451' title='bbox 188 3203 195 3238; x_wconf 92' lang='lat'>:</span> <span class='ocrx_word' id='word_1_452' title='bbox 218 3181 252 3237; x_wconf 92' lang='lat' dir='ltr'>in</span> <span class='ocrx_word' id='word_1_453' title='bbox 265 3182 395 3253; x_wconf 84' lang='lat' dir='ltr'>principio</span> <span class='ocrx_word' id='word_1_454' title='bbox 423 3183 520 3238; x_wconf 86' lang='lat' dir='ltr'>creauit</span> <span class='ocrx_word' id='word_1_455' title='bbox 549 3181 618 3238; x_wconf 88' lang='lat' dir='ltr'>Deus</span> <span class='ocrx_word' id='word_1_456' title='bbox 642 3183 735 3237; x_wconf 88' lang='lat' dir='ltr'>calum</span> <span class='ocrx_word' id='word_1_457' title='bbox 752 3193 776 3236; x_wconf 94' lang='lat' dir='ltr'>et</span> <span class='ocrx_word' id='word_1_458' title='bbox 791 3193 899 3250; x_wconf 88' lang='lat' dir='ltr'>terram,</span> <span class='ocrx_word' id='word_1_459' title='bbox 951 3184 1023 3255; x_wconf 71' lang='lat' dir='ltr'>iane,</span> <span class='ocrx_word' id='word_1_460' title='bbox 1038 3185 1110 3238; x_wconf 89' lang='lat' dir='ltr'>sicut</span> <span class='ocrx_word' id='word_1_461' title='bbox 1122 3190 1189 3237; x_wconf 86' lang='lat' dir='ltr'>testa</span> <span class='ocrx_word' id='word_1_462' title='bbox 1203 3182 1334 3238; x_wconf 88' lang='lat' dir='ltr'>solidatur</span> <span class='ocrx_word' id='word_1_463' title='bbox 1345 3182 1417 3253; x_wconf 80' lang='lat' dir='ltr'>ignis</span> <span class='ocrx_word' id='word_1_464' title='bbox 1428 3183 1527 3238; x_wconf 82' lang='lat' dir='ltr'>calore.</span> <span class='ocrx_word' id='word_1_465' title='bbox 1542 3183 1646 3241; x_wconf 89' lang='lat' dir='ltr'>Dicitur</span> <span class='ocrx_word' id='word_1_466' title='bbox 1659 3189 1732 3242; x_wconf 90' lang='lat' dir='ltr'>utili·</span> 
     </span>
     <span class='ocr_line' id='line_1_40' title="bbox 121 3273 1732 3347; baseline 0.001 -14"><span class='ocrx_word' id='word_1_467' title='bbox 121 3279 147 3333; x_wconf 85' lang='lat' dir='ltr'>tt</span> <span class='ocrx_word' id='word_1_468' title='bbox 161 3286 203 3333; x_wconf 93' lang='grc' dir='ltr'>εει</span> <span class='ocrx_word' id='word_1_469' title='bbox 228 3277 378 3347; x_wconf 88' lang='lat' dir='ltr'>empireum</span> <span class='ocrx_word' id='word_1_470' title='bbox 396 3275 495 3332; x_wconf 85' lang='lat' dir='ltr'>coelntn</span> <span class='ocrx_word' id='word_1_471' title='bbox 509 3284 537 3331; x_wconf 90' lang='lat' dir='ltr'>ct</span> <span class='ocrx_word' id='word_1_472' title='bbox 550 3275 718 3330; x_wconf 88' lang='lat' dir='ltr'>mundanam</span> <span class='ocrx_word' id='word_1_473' title='bbox 734 3274 900 3329; x_wconf 80' lang='lat' dir='ltr'>machinam.</span> <span class='ocrx_word' id='word_1_474' title='bbox 951 3284 1004 3342; x_wconf 85' lang='lat' dir='ltr'>tas,</span> <span class='ocrx_word' id='word_1_475' title='bbox 1019 3273 1092 3329; x_wconf 83' lang='lat' dir='ltr'>undo</span> <span class='ocrx_word' id='word_1_476' title='bbox 1112 3274 1152 3337; x_wconf 85' lang='lat' dir='ltr'>sic</span> <span class='ocrx_word' id='word_1_477' title='bbox 1176 3283 1265 3344; x_wconf 87' lang='lat' dir='ltr'>potest</span> <span class='ocrx_word' id='word_1_478' title='bbox 1277 3274 1377 3344; x_wconf 80' lang='lat' dir='ltr'>exponi</span> <span class='ocrx_word' id='word_1_479' title='bbox 1398 3276 1538 3344; x_wconf 72' lang='lat' dir='ltr'>premissa</span> <span class='ocrx_word' id='word_1_480' title='bbox 1559 3279 1732 3334; x_wconf 84' lang='lat' dir='ltr'>auctoritas:</span> 
     </span>
     <span class='ocr_line' id='line_1_41' title="bbox 122 3366 1733 3438; baseline 0.002 -16"><span class='ocrx_word' id='word_1_481' title='bbox 122 3367 226 3424; x_wconf 90' lang='lat' dir='ltr'>Dicitur</span> <span class='ocrx_word' id='word_1_482' title='bbox 252 3384 381 3438; x_wconf 85' lang='lat' dir='ltr'>corporea</span> <span class='ocrx_word' id='word_1_483' title='bbox 409 3369 578 3433; x_wconf 88' lang='lat' dir='ltr'>sulrstantia,</span> <span class='ocrx_word' id='word_1_484' title='bbox 612 3369 683 3424; x_wconf 83' lang='grc' dir='ltr'><strong>ιιιιιιε</strong></span> <span class='ocrx_word' id='word_1_485' title='bbox 703 3367 788 3424; x_wconf 82' lang='lat' dir='ltr'>isaias</span> <span class='ocrx_word' id='word_1_486' title='bbox 810 3387 818 3422; x_wconf 77' lang='grc' dir='ltr'>ι</span> <span class='ocrx_word' id='word_1_487' title='bbox 843 3367 901 3423; x_wconf 78' lang='lat' dir='ltr'>Ca·</span> <span class='ocrx_word' id='word_1_488' title='bbox 957 3366 1047 3421; x_wconf 79' lang='lat' dir='ltr'>l&#39;irtus</span> <span class='ocrx_word' id='word_1_489' title='bbox 1059 3366 1733 3437; x_wconf 78' lang='lat' dir='ltr'>meauruit,idestiiluitquantumadirominum</span> 
     </span>
     <span class='ocr_line' id='line_1_42' title="bbox 119 3459 1734 3530; baseline 0.002 -17"><span class='ocrx_word' id='word_1_490' title='bbox 119 3461 177 3514; x_wconf 81' lang='lat' dir='ltr'>ium</span> <span class='ocrx_word' id='word_1_491' title='bbox 191 3462 257 3514; x_wconf 88' lang='lat' dir='ltr'>mibi</span> <span class='ocrx_word' id='word_1_492' title='bbox 281 3460 366 3525; x_wconf 83' lang='lat' dir='ltr'>seder,</span> <span class='ocrx_word' id='word_1_493' title='bbox 381 3470 451 3514; x_wconf 88' lang='lat' dir='ltr'>terru</span> <span class='ocrx_word' id='word_1_494' title='bbox 467 3470 555 3515; x_wconf 91' lang='lat' dir='ltr'>autem</span> <span class='ocrx_word' id='word_1_495' title='bbox 570 3460 711 3516; x_wconf 78' lang='lat' dir='ltr'>scabritiam</span> <span class='ocrx_word' id='word_1_496' title='bbox 724 3460 818 3530; x_wconf 84' lang='lat' dir='ltr'>pedum</span> <span class='ocrx_word' id='word_1_497' title='bbox 829 3476 901 3515; x_wconf 88' lang='lat' dir='ltr'>meo·</span> <span class='ocrx_word' id='word_1_498' title='bbox 950 3460 1128 3530; x_wconf 86' lang='lat' dir='ltr'>opinionem:</span> <span class='ocrx_word' id='word_1_499' title='bbox 1145 3470 1272 3530; x_wconf 76' lang='lat' dir='ltr'>tanquam</span> <span class='ocrx_word' id='word_1_500' title='bbox 1295 3467 1379 3525; x_wconf 67' lang='lat' dir='ltr'>testa:</span> <span class='ocrx_word' id='word_1_501' title='bbox 1394 3467 1463 3515; x_wconf 83' lang='lat' dir='ltr'>testa</span> <span class='ocrx_word' id='word_1_502' title='bbox 1478 3459 1551 3514; x_wconf 90' lang='lat' dir='ltr'>enim</span> <span class='ocrx_word' id='word_1_503' title='bbox 1570 3460 1734 3516; x_wconf 86' lang='lat' dir='ltr'>diciturira·</span> 
     </span>
     <span class='ocr_line' id='line_1_43' title="bbox 122 3549 1734 3622; baseline 0.002 -17"><span class='ocrx_word' id='word_1_504' title='bbox 122 3567 204 3617; x_wconf 71' lang='lat' dir='ltr'>ruat,</span> <span class='ocrx_word' id='word_1_505' title='bbox 235 3551 300 3621; x_wconf 82' lang='lat' dir='ltr'>quia</span> <span class='ocrx_word' id='word_1_506' title='bbox 327 3553 486 3621; x_wconf 89' lang='lat' dir='ltr'>incorporea</span> <span class='ocrx_word' id='word_1_507' title='bbox 510 3551 632 3622; x_wconf 79' lang='lat' dir='ltr'>digitium</span> <span class='ocrx_word' id='word_1_508' title='bbox 663 3560 728 3607; x_wconf 89' lang='lat' dir='ltr'>sunt</span> <span class='ocrx_word' id='word_1_509' title='bbox 752 3552 899 3621; x_wconf 90' lang='lat' dir='ltr'>corporcis.</span> <span class='ocrx_word' id='word_1_510' title='bbox 951 3549 1224 3621; x_wconf 73' lang='lat' dir='ltr'>amcaollarquraad</span> <span class='ocrx_word' id='word_1_511' title='bbox 1248 3550 1337 3606; x_wconf 92' lang='lat' dir='ltr'>nullos</span> <span class='ocrx_word' id='word_1_512' title='bbox 1363 3566 1430 3607; x_wconf 92' lang='lat' dir='ltr'>usus</span> <span class='ocrx_word' id='word_1_513' title='bbox 1452 3551 1527 3606; x_wconf 90' lang='lat' dir='ltr'>utilis</span> <span class='ocrx_word' id='word_1_514' title='bbox 1552 3559 1604 3606; x_wconf 89' lang='lat' dir='ltr'>est.</span> <span class='ocrx_word' id='word_1_515' title='bbox 1630 3552 1734 3608; x_wconf 90' lang='lat' dir='ltr'>Dicitur</span> 
     </span>
     <span class='ocr_line' id='line_1_44' title="bbox 120 3639 1734 3715; baseline 0 -14"><span class='ocrx_word' id='word_1_516' title='bbox 120 3644 228 3701; x_wconf 78' lang='lat' dir='ltr'>Caelum</span> <span class='ocrx_word' id='word_1_517' title='bbox 240 3643 314 3715; x_wconf 84' lang='lat' dir='ltr'>quoti</span> <span class='ocrx_word' id='word_1_518' title='bbox 326 3643 460 3713; x_wconf 74' lang='lat' dir='ltr'>significat</span> <span class='ocrx_word' id='word_1_519' title='bbox 472 3641 811 3711; x_wconf 82' lang='lat' dir='ltr'>incorporeadicituresse</span> <span class='ocrx_word' id='word_1_520' title='bbox 823 3642 901 3696; x_wconf 87' lang='lat' dir='ltr'>sedes</span> <span class='ocrx_word' id='word_1_521' title='bbox 951 3639 1036 3697; x_wconf 77' lang='lat' dir='ltr'>Vetus</span> <span class='ocrx_word' id='word_1_522' title='bbox 1050 3640 1264 3706; x_wconf 85' lang='lat' dir='ltr'>Testamentum,</span> <span class='ocrx_word' id='word_1_523' title='bbox 1279 3642 1351 3696; x_wconf 85' lang='lat' dir='ltr'>unde</span> <span class='ocrx_word' id='word_1_524' title='bbox 1363 3641 1464 3697; x_wconf 82' lang='lat' dir='ltr'>dicitur</span> <span class='ocrx_word' id='word_1_525' title='bbox 1475 3643 1547 3712; x_wconf 83' lang='lat' dir='ltr'>quoti</span> <span class='ocrx_word' id='word_1_526' title='bbox 1558 3641 1662 3699; x_wconf 85' lang='lat' dir='ltr'>Novum</span> <span class='ocrx_word' id='word_1_527' title='bbox 1679 3643 1734 3701; x_wconf 79' lang='lat' dir='ltr'>Tc·</span> 
     </span>
     <span class='ocr_line' id='line_1_45' title="bbox 123 3731 1591 3805; baseline -0.002 -12"><span class='ocrx_word' id='word_1_528' title='bbox 123 3737 185 3802; x_wconf 71' lang='lat' dir='ltr'>Dei:</span> <span class='ocrx_word' id='word_1_529' title='bbox 202 3746 350 3793; x_wconf 80' lang='lat' dir='ltr'>terranem</span> <span class='ocrx_word' id='word_1_530' title='bbox 364 3733 517 3804; x_wconf 86' lang='lat' dir='ltr'>corporalia</span> <span class='ocrx_word' id='word_1_531' title='bbox 531 3748 592 3802; x_wconf 76' lang='lat' dir='ltr'>quas</span> <span class='ocrx_word' id='word_1_532' title='bbox 607 3732 763 3805; x_wconf 72' lang='lat' dir='ltr'>indigniora</span> <span class='ocrx_word' id='word_1_533' title='bbox 788 3740 853 3787; x_wconf 90' lang='lat' dir='ltr'>sunt</span> <span class='ocrx_word' id='word_1_534' title='bbox 863 3731 909 3785; x_wconf 72' lang='lat' dir='ltr'>tl.</span> <span class='ocrx_word' id='word_1_535' title='bbox 953 3739 1117 3787; x_wconf 86' lang='lat' dir='ltr'>stamentum</span> <span class='ocrx_word' id='word_1_536' title='bbox 1130 3733 1229 3787; x_wconf 88' lang='lat' dir='ltr'>latebat</span> <span class='ocrx_word' id='word_1_537' title='bbox 1241 3734 1268 3788; x_wconf 90' lang='lat' dir='ltr'>ia</span> <span class='ocrx_word' id='word_1_538' title='bbox 1283 3731 1373 3788; x_wconf 83' lang='lat' dir='ltr'>Veteri</span> <span class='ocrx_word' id='word_1_539' title='bbox 1386 3735 1459 3788; x_wconf 86' lang='lat' dir='ltr'>velut</span> <span class='ocrx_word' id='word_1_540' title='bbox 1473 3735 1500 3788; x_wconf 91' lang='lat' dir='ltr'>in</span> <span class='ocrx_word' id='word_1_541' title='bbox 1513 3743 1591 3790; x_wconf 81' lang='lat' dir='ltr'>testa</span> 
     </span>
     <span class='ocr_line' id='line_1_46' title="bbox 122 3822 1734 3897; baseline 0 -12"><span class='ocrx_word' id='word_1_542' title='bbox 122 3830 195 3886; x_wconf 91' lang='lat' dir='ltr'>citur</span> <span class='ocrx_word' id='word_1_543' title='bbox 209 3829 356 3883; x_wconf 87' lang='lat' dir='ltr'>scabellum</span> <span class='ocrx_word' id='word_1_544' title='bbox 370 3827 468 3897; x_wconf 88' lang='lat' dir='ltr'>pedum</span> <span class='ocrx_word' id='word_1_545' title='bbox 479 3823 548 3894; x_wconf 86' lang='lat' dir='ltr'>ejus.</span> <span class='ocrx_word' id='word_1_546' title='bbox 570 3822 675 3879; x_wconf 87' lang='lat' dir='ltr'>Dicitur</span> <span class='ocrx_word' id='word_1_547' title='bbox 689 3822 812 3893; x_wconf 76' lang='lat' dir='ltr'>subiecta</span> <span class='ocrx_word' id='word_1_548' title='bbox 827 3823 902 3893; x_wconf 85' lang='lat' dir='ltr'>plebs</span> <span class='ocrx_word' id='word_1_549' title='bbox 989 3823 1194 3879; x_wconf 80' lang='lat' dir='ltr'>Testamentum.</span> <span class='ocrx_word' id='word_1_550' title='bbox 1205 3822 1307 3879; x_wconf 91' lang='lat' dir='ltr'>Dicitur</span> <span class='ocrx_word' id='word_1_551' title='bbox 1316 3825 1471 3894; x_wconf 87' lang='lat' dir='ltr'>promissio.</span> <span class='ocrx_word' id='word_1_552' title='bbox 1482 3825 1667 3882; x_wconf 78' lang='lat' dir='ltr'>utrdeiniuca</span> <span class='ocrx_word' id='word_1_553' title='bbox 1678 3828 1734 3885; x_wconf 80' lang='lat' dir='ltr'>:Ad</span> 
     </span>
     <span class='ocr_line' id='line_1_47' title="bbox 121 3915 1731 3986; baseline -0.003 -9"><span class='ocrx_word' id='word_1_554' title='bbox 121 3923 164 3977; x_wconf 79' lang='lat' dir='ltr'>sci</span> <span class='ocrx_word' id='word_1_555' title='bbox 180 3921 294 3986; x_wconf 78' lang='lat' dir='ltr'>familia,</span> <span class='ocrx_word' id='word_1_556' title='bbox 310 3920 381 3975; x_wconf 81' lang='grc' dir='ltr'><strong>ιιιιιιε</strong></span> <span class='ocrx_word' id='word_1_557' title='bbox 397 3935 404 3971; x_wconf 90' lang='lat'>:</span> <span class='ocrx_word' id='word_1_558' title='bbox 422 3918 452 3974; x_wconf 90' lang='lat' dir='ltr'>Si</span> <span class='ocrx_word' id='word_1_559' title='bbox 471 3919 607 3971; x_wconf 80' lang='lat' dir='ltr'>trauersum</span> <span class='ocrx_word' id='word_1_560' title='bbox 624 3932 664 3970; x_wconf 90' lang='lat' dir='ltr'>me</span> <span class='ocrx_word' id='word_1_561' title='bbox 680 3926 750 3970; x_wconf 89' lang='lat' dir='ltr'>terra</span> <span class='ocrx_word' id='word_1_562' title='bbox 766 3932 823 3969; x_wconf 86' lang='lat' dir='ltr'>mea</span> <span class='ocrx_word' id='word_1_563' title='bbox 847 3915 902 3969; x_wconf 87' lang='lat' dir='ltr'>clo·</span> <span class='ocrx_word' id='word_1_564' title='bbox 952 3917 1102 3985; x_wconf 72' lang='lat' dir='ltr'>[aciertdam</span> <span class='ocrx_word' id='word_1_565' title='bbox 1117 3916 1408 3980; x_wconf 84' lang='lat' dir='ltr'>ntirericordiant,ctc.‚</span> <span class='ocrx_word' id='word_1_566' title='bbox 1422 3917 1570 3971; x_wconf 86' lang='lat' dir='ltr'>testamenti</span> <span class='ocrx_word' id='word_1_567' title='bbox 1584 3918 1626 3971; x_wconf 90' lang='lat' dir='ltr'>sur&#39;</span> <span class='ocrx_word' id='word_1_568' title='bbox 1637 3920 1731 3972; x_wconf 82' lang='lat' dir='ltr'>turicli.</span> 
     </span>
     <span class='ocr_line' id='line_1_48' title="bbox 122 4005 1733 4084; baseline -0.004 -14"><span class='ocrx_word' id='word_1_569' title='bbox 122 4019 222 4070; x_wconf 83' lang='lat' dir='ltr'>molat.</span> <span class='ocrx_word' id='word_1_570' title='bbox 234 4014 330 4070; x_wconf 87' lang='lat' dir='ltr'>Ornrris</span> <span class='ocrx_word' id='word_1_571' title='bbox 342 4015 388 4084; x_wconf 84' lang='lat' dir='ltr'>qui</span> <span class='ocrx_word' id='word_1_572' title='bbox 400 4011 569 4067; x_wconf 85' lang='lat' dir='ltr'>Dnrninicam</span> <span class='ocrx_word' id='word_1_573' title='bbox 585 4009 714 4064; x_wconf 82' lang='lat' dir='ltr'>inmitium</span> <span class='ocrx_word' id='word_1_574' title='bbox 727 4008 795 4082; x_wconf 78' lang='lat' dir='ltr'>regit</span> <span class='ocrx_word' id='word_1_575' title='bbox 809 4017 836 4063; x_wconf 90' lang='lat' dir='ltr'>ct</span> <span class='ocrx_word' id='word_1_576' title='bbox 852 4020 902 4078; x_wconf 90' lang='lat' dir='ltr'>pro</span> <span class='ocrx_word' id='word_1_577' title='bbox 952 4007 1057 4064; x_wconf 85' lang='lat' dir='ltr'>Dicitur</span> <span class='ocrx_word' id='word_1_578' title='bbox 1071 4009 1163 4078; x_wconf 86' lang='lat' dir='ltr'>passio</span> <span class='ocrx_word' id='word_1_579' title='bbox 1182 4005 1302 4074; x_wconf 82' lang='lat' dir='ltr'>Christi,</span> <span class='ocrx_word' id='word_1_580' title='bbox 1323 4007 1395 4061; x_wconf 87' lang='lat' dir='ltr'>untlc</span> <span class='ocrx_word' id='word_1_581' title='bbox 1405 4005 1492 4061; x_wconf 84' lang='lat' dir='ltr'>Dauid</span> <span class='ocrx_word' id='word_1_582' title='bbox 1508 4023 1515 4059; x_wconf 82' lang='grc' dir='ltr'>ι</span> <span class='ocrx_word' id='word_1_583' title='bbox 1532 4006 1733 4080; x_wconf 80' lang='lat' dir='ltr'>Requirentibus</span> 
     </span>
     <span class='ocr_line' id='line_1_49' title="bbox 121 4099 1734 4174; baseline -0.004 -10"><span class='ocrx_word' id='word_1_584' title='bbox 121 4108 260 4164; x_wconf 89' lang='lat' dir='ltr'>connnuni</span> <span class='ocrx_word' id='word_1_585' title='bbox 275 4107 390 4161; x_wconf 82' lang='lat' dir='ltr'>utilitate</span> <span class='ocrx_word' id='word_1_586' title='bbox 405 4105 529 4160; x_wconf 84' lang='lat' dir='ltr'>tidelibus</span> <span class='ocrx_word' id='word_1_587' title='bbox 551 4104 676 4174; x_wconf 90' lang='lat' dir='ltr'>plebibus</span> <span class='ocrx_word' id='word_1_588' title='bbox 688 4108 795 4173; x_wconf 80' lang='lat' dir='ltr'>praest,</span> <span class='ocrx_word' id='word_1_589' title='bbox 807 4100 836 4155; x_wconf 92' lang='grc' dir='ltr'>ιιι</span> <span class='ocrx_word' id='word_1_590' title='bbox 850 4099 903 4155; x_wconf 88' lang='lat' dir='ltr'>boc</span> <span class='ocrx_word' id='word_1_591' title='bbox 953 4110 1136 4158; x_wconf 87' lang='lat' dir='ltr'>testamentum</span> <span class='ocrx_word' id='word_1_592' title='bbox 1158 4101 1231 4171; x_wconf 80' lang='lat' dir='ltr'>ejus,</span> <span class='ocrx_word' id='word_1_593' title='bbox 1248 4101 1330 4155; x_wconf 86' lang='lat' dir='ltr'>idest</span> <span class='ocrx_word' id='word_1_594' title='bbox 1345 4100 1392 4170; x_wconf 85' lang='lat' dir='ltr'>qui</span> <span class='ocrx_word' id='word_1_595' title='bbox 1415 4101 1558 4171; x_wconf 82' lang='lat' dir='ltr'>acquirunt</span> <span class='ocrx_word' id='word_1_596' title='bbox 1579 4102 1734 4171; x_wconf 87' lang='lat' dir='ltr'>passionom</span> 
     </span>
     <span class='ocr_line' id='line_1_50' title="bbox 120 4190 1734 4272; baseline -0.003 -17"><span class='ocrx_word' id='word_1_597' title='bbox 120 4201 182 4272; x_wconf 80' lang='lat' dir='ltr'>jura</span> <span class='ocrx_word' id='word_1_598' title='bbox 194 4200 333 4269; x_wconf 79' lang='lat' dir='ltr'>regiminis</span> <span class='ocrx_word' id='word_1_599' title='bbox 345 4197 596 4254; x_wconf 88' lang='lat' dir='ltr'>incommississibi</span> <span class='ocrx_word' id='word_1_600' title='bbox 606 4194 729 4252; x_wconf 78' lang='lat' dir='ltr'>ticieiibus</span> <span class='ocrx_word' id='word_1_601' title='bbox 740 4192 901 4264; x_wconf 81' lang='lat' dir='ltr'>possidebit,</span> <span class='ocrx_word' id='word_1_602' title='bbox 951 4195 1013 4267; x_wconf 81' lang='lat' dir='ltr'>ejus</span> <span class='ocrx_word' id='word_1_603' title='bbox 1026 4210 1075 4265; x_wconf 89' lang='lat' dir='ltr'>per</span> <span class='ocrx_word' id='word_1_604' title='bbox 1088 4193 1168 4249; x_wconf 87' lang='lat' dir='ltr'>iidem</span> <span class='ocrx_word' id='word_1_605' title='bbox 1183 4204 1210 4247; x_wconf 91' lang='grc' dir='ltr'>ει</span> <span class='ocrx_word' id='word_1_606' title='bbox 1221 4190 1401 4247; x_wconf 83' lang='grc' dir='ltr'><strong>ιιιιιιειιοιιειιι</strong></span> <span class='ocrx_word' id='word_1_607' title='bbox 1422 4191 1492 4261; x_wconf 85' lang='lat' dir='ltr'>ejus.</span> <span class='ocrx_word' id='word_1_608' title='bbox 1513 4191 1580 4258; x_wconf 81' lang='lat' dir='ltr'>Quae</span> <span class='ocrx_word' id='word_1_609' title='bbox 1597 4192 1734 4263; x_wconf 67' lang='lat' dir='ltr'>eleganter</span> 
     </span>
     <span class='ocr_line' id='line_1_51' title="bbox 123 4280 1735 4362; baseline -0.004 -14"><span class='ocrx_word' id='word_1_610' title='bbox 123 4293 193 4348; x_wconf 89' lang='lat' dir='ltr'>nibil</span> <span class='ocrx_word' id='word_1_611' title='bbox 208 4292 282 4347; x_wconf 87' lang='lat' dir='ltr'>aliud</span> <span class='ocrx_word' id='word_1_612' title='bbox 298 4306 381 4362; x_wconf 89' lang='lat' dir='ltr'>quam</span> <span class='ocrx_word' id='word_1_613' title='bbox 397 4299 496 4345; x_wconf 83' lang='lat' dir='ltr'>terram</span> <span class='ocrx_word' id='word_1_614' title='bbox 512 4289 680 4343; x_wconf 84' lang='lat' dir='ltr'>incolendam</span> <span class='ocrx_word' id='word_1_615' title='bbox 700 4295 782 4342; x_wconf 88' lang='lat' dir='ltr'>tenet.</span> <span class='ocrx_word' id='word_1_616' title='bbox 798 4283 903 4339; x_wconf 87' lang='lat' dir='ltr'>Dicitur</span> <span class='ocrx_word' id='word_1_617' title='bbox 952 4286 1054 4342; x_wconf 86' lang='lat' dir='ltr'>dicitur</span> <span class='ocrx_word' id='word_1_618' title='bbox 1067 4291 1270 4348; x_wconf 88' lang='lat' dir='ltr'>testamentum,</span> <span class='ocrx_word' id='word_1_619' title='bbox 1283 4280 1348 4352; x_wconf 88' lang='lat' dir='ltr'>quia</span> <span class='ocrx_word' id='word_1_620' title='bbox 1366 4297 1414 4352; x_wconf 90' lang='lat' dir='ltr'>per</span> <span class='ocrx_word' id='word_1_621' title='bbox 1435 4296 1497 4336; x_wconf 86' lang='lat' dir='ltr'>cam</span> <span class='ocrx_word' id='word_1_622' title='bbox 1517 4282 1678 4339; x_wconf 81' lang='lat' dir='ltr'>confirmata</span> <span class='ocrx_word' id='word_1_623' title='bbox 1692 4295 1735 4341; x_wconf 86' lang='lat' dir='ltr'>est</span> 
     </span>
     <span class='ocr_line' id='line_1_52' title="bbox 122 4372 1733 4451; baseline -0.006 -10"><span class='ocrx_word' id='word_1_624' title='bbox 122 4395 230 4441; x_wconf 82' lang='lat' dir='ltr'>terrena</span> <span class='ocrx_word' id='word_1_625' title='bbox 247 4384 335 4449; x_wconf 88' lang='lat' dir='ltr'>actio,</span> <span class='ocrx_word' id='word_1_626' title='bbox 351 4380 423 4436; x_wconf 87' lang='lat' dir='ltr'>unde</span> <span class='ocrx_word' id='word_1_627' title='bbox 438 4382 471 4436; x_wconf 84' lang='lat' dir='ltr'>ati</span> <span class='ocrx_word' id='word_1_628' title='bbox 487 4382 609 4451; x_wconf 84' lang='lat' dir='ltr'>iniquam</span> <span class='ocrx_word' id='word_1_629' title='bbox 635 4386 753 4434; x_wconf 88' lang='lat' dir='ltr'>mentem</span> <span class='ocrx_word' id='word_1_630' title='bbox 778 4376 830 4432; x_wconf 86' lang='lat' dir='ltr'>sub</span> <span class='ocrx_word' id='word_1_631' title='bbox 853 4376 1034 4443; x_wconf 78' lang='lat' dir='ltr'>nonnanis</span> <span class='ocrx_word' id='word_1_632' title='bbox 1059 4385 1159 4433; x_wconf 82' lang='lat' dir='ltr'>aetcrua</span> <span class='ocrx_word' id='word_1_633' title='bbox 1187 4375 1342 4431; x_wconf 88' lang='lat' dir='ltr'>haereditas.</span> <span class='ocrx_word' id='word_1_634' title='bbox 1369 4372 1471 4429; x_wconf 90' lang='lat' dir='ltr'>Dicitur</span> <span class='ocrx_word' id='word_1_635' title='bbox 1495 4374 1537 4429; x_wconf 87' lang='lat' dir='ltr'>lex</span> <span class='ocrx_word' id='word_1_636' title='bbox 1561 4376 1733 4446; x_wconf 77' lang='lat' dir='ltr'>euangelica,</span> 
     </span>
    </p>
   </div>
   <div class='ocr_carea' id='block_1_12' title="bbox 122 4467 905 5458">
    <p class='ocr_par' dir='ltr' id='par_1_19' title="bbox 122 4467 905 5458">
     <span class='ocr_line' id='line_1_53' title="bbox 123 4467 900 4544; baseline -0.014 -11"><span class='ocrx_word' id='word_1_637' title='bbox 123 4479 196 4533; x_wconf 91' lang='lat' dir='ltr'>mine</span> <span class='ocrx_word' id='word_1_638' title='bbox 221 4476 283 4531; x_wconf 82' lang='lat' dir='ltr'>nltae</span> <span class='ocrx_word' id='word_1_639' title='bbox 303 4472 448 4544; x_wconf 85' lang='lat' dir='ltr'>Babylonis</span> <span class='ocrx_word' id='word_1_640' title='bbox 461 4488 510 4543; x_wconf 89' lang='lat' dir='ltr'>per</span> <span class='ocrx_word' id='word_1_641' title='bbox 530 4471 690 4542; x_wconf 78' lang='lat' dir='ltr'>proplietam</span> <span class='ocrx_word' id='word_1_642' title='bbox 712 4468 812 4525; x_wconf 84' lang='lat' dir='ltr'>dicitur</span> <span class='ocrx_word' id='word_1_643' title='bbox 826 4486 834 4524; x_wconf 81' lang='grc' dir='ltr'>ι</span> <span class='ocrx_word' id='word_1_644' title='bbox 849 4467 900 4522; x_wconf 81' lang='lat' dir='ltr'>De·</span> 
     </span>
     <span class='ocr_line' id='line_1_54' title="bbox 123 4561 901 4635; baseline -0.013 -11"><span class='ocrx_word' id='word_1_645' title='bbox 123 4569 224 4632; x_wconf 67' lang='lat' dir='ltr'>weride,</span> <span class='ocrx_word' id='word_1_646' title='bbox 236 4567 296 4623; x_wconf 86' lang='lat' dir='ltr'>sede</span> <span class='ocrx_word' id='word_1_647' title='bbox 307 4567 334 4619; x_wconf 90' lang='lat' dir='ltr'>in</span> <span class='ocrx_word' id='word_1_648' title='bbox 344 4565 457 4635; x_wconf 85' lang='lat' dir='ltr'>puluere,</span> <span class='ocrx_word' id='word_1_649' title='bbox 470 4563 529 4634; x_wconf 74' lang='lat' dir='ltr'>fiiis</span> <span class='ocrx_word' id='word_1_650' title='bbox 543 4562 695 4633; x_wconf 74' lang='lat' dir='ltr'>Babylonis,</span> <span class='ocrx_word' id='word_1_651' title='bbox 708 4561 768 4617; x_wconf 83' lang='lat' dir='ltr'>sede</span> <span class='ocrx_word' id='word_1_652' title='bbox 779 4562 807 4615; x_wconf 91' lang='lat' dir='ltr'>in</span> <span class='ocrx_word' id='word_1_653' title='bbox 820 4568 901 4624; x_wconf 72' lang='lat' dir='ltr'>terrm</span> 
     </span>
     <span class='ocr_line' id='line_1_55' title="bbox 122 4655 902 4731; baseline -0.014 -14"><span class='ocrx_word' id='word_1_654' title='bbox 122 4676 171 4731; x_wconf 87' lang='lat' dir='ltr'>per</span> <span class='ocrx_word' id='word_1_655' title='bbox 187 4661 325 4731; x_wconf 76' lang='lat' dir='ltr'>prtitorem</span> <span class='ocrx_word' id='word_1_656' title='bbox 346 4657 526 4728; x_wconf 78' lang='lat' dir='ltr'>cogitationes</span> <span class='ocrx_word' id='word_1_657' title='bbox 549 4655 715 4725; x_wconf 85' lang='lat' dir='ltr'>accipimus,</span> <span class='ocrx_word' id='word_1_658' title='bbox 734 4668 780 4724; x_wconf 90' lang='lat' dir='ltr'>per</span> <span class='ocrx_word' id='word_1_659' title='bbox 803 4662 902 4708; x_wconf 87' lang='lat' dir='ltr'>terram</span> 
     </span>
     <span class='ocr_line' id='line_1_56' title="bbox 124 4743 901 4819; baseline -0.015 -11"><span class='ocrx_word' id='word_1_660' title='bbox 124 4765 258 4810; x_wconf 88' lang='lat' dir='ltr'>terrenam</span> <span class='ocrx_word' id='word_1_661' title='bbox 274 4753 408 4806; x_wconf 87' lang='lat' dir='ltr'>actionem</span> <span class='ocrx_word' id='word_1_662' title='bbox 429 4746 615 4819; x_wconf 75' lang='lat' dir='ltr'>intelligimus.</span> <span class='ocrx_word' id='word_1_663' title='bbox 632 4743 816 4815; x_wconf 83' lang='lat' dir='ltr'>Reproborom</span> <span class='ocrx_word' id='word_1_664' title='bbox 829 4744 901 4798; x_wconf 87' lang='lat' dir='ltr'>enirn</span> 
     </span>
     <span class='ocr_line' id='line_1_57' title="bbox 124 4835 902 4913; baseline -0.015 -12"><span class='ocrx_word' id='word_1_665' title='bbox 124 4859 203 4902; x_wconf 90' lang='lat' dir='ltr'>meus</span> <span class='ocrx_word' id='word_1_666' title='bbox 217 4844 292 4913; x_wconf 89' lang='lat' dir='ltr'>prius</span> <span class='ocrx_word' id='word_1_667' title='bbox 306 4843 339 4896; x_wconf 85' lang='lat' dir='ltr'>ati</span> <span class='ocrx_word' id='word_1_668' title='bbox 348 4856 431 4913; x_wconf 81' lang='lat' dir='ltr'>prata</span> <span class='ocrx_word' id='word_1_669' title='bbox 440 4838 584 4911; x_wconf 79' lang='lat' dir='ltr'>cogitanda</span> <span class='ocrx_word' id='word_1_670' title='bbox 594 4837 714 4904; x_wconf 84' lang='lat' dir='ltr'>ducitur,</span> <span class='ocrx_word' id='word_1_671' title='bbox 729 4835 902 4906; x_wconf 86' lang='lat' dir='ltr'>postmodum</span> 
     </span>
     <span class='ocr_line' id='line_1_58' title="bbox 125 4929 902 5000; baseline -0.012 -7"><span class='ocrx_word' id='word_1_672' title='bbox 125 4936 160 4993; x_wconf 80' lang='lat' dir='ltr'>ati</span> <span class='ocrx_word' id='word_1_673' title='bbox 184 4935 318 4990; x_wconf 86' lang='lat' dir='ltr'>iacienda.</span> <span class='ocrx_word' id='word_1_674' title='bbox 348 4935 451 4990; x_wconf 87' lang='lat' dir='ltr'>Dicitur</span> <span class='ocrx_word' id='word_1_675' title='bbox 479 4934 562 4987; x_wconf 86' lang='lat' dir='ltr'>bomo</span> <span class='ocrx_word' id='word_1_676' title='bbox 586 4931 620 4987; x_wconf 89' lang='lat' dir='ltr'>de</span> <span class='ocrx_word' id='word_1_677' title='bbox 647 4938 718 4985; x_wconf 88' lang='lat' dir='ltr'>terra</span> <span class='ocrx_word' id='word_1_678' title='bbox 742 4929 902 5000; x_wconf 87' lang='lat' dir='ltr'>plasmatus,</span> 
     </span>
     <span class='ocr_line' id='line_1_59' title="bbox 124 5020 905 5086; baseline -0.013 0"><span class='ocrx_word' id='word_1_679' title='bbox 124 5029 197 5086; x_wconf 85' lang='lat' dir='ltr'>undo</span> <span class='ocrx_word' id='word_1_680' title='bbox 212 5028 326 5083; x_wconf 88' lang='lat' dir='ltr'>dicitur:</span> <span class='ocrx_word' id='word_1_681' title='bbox 339 5025 420 5081; x_wconf 89' lang='lat' dir='ltr'>Terra</span> <span class='ocrx_word' id='word_1_682' title='bbox 432 5043 459 5081; x_wconf 89' lang='lat' dir='ltr'>es</span> <span class='ocrx_word' id='word_1_683' title='bbox 471 5035 496 5081; x_wconf 92' lang='lat' dir='ltr'>et</span> <span class='ocrx_word' id='word_1_684' title='bbox 511 5027 537 5079; x_wconf 93' lang='lat' dir='ltr'>in</span> <span class='ocrx_word' id='word_1_685' title='bbox 550 5034 648 5079; x_wconf 88' lang='lat' dir='ltr'>terram</span> <span class='ocrx_word' id='word_1_686' title='bbox 661 5024 722 5078; x_wconf 84' lang='lat' dir='ltr'>ibis.</span> <span class='ocrx_word' id='word_1_687' title='bbox 735 5020 840 5078; x_wconf 88' lang='lat' dir='ltr'>Dicitur</span> <span class='ocrx_word' id='word_1_688' title='bbox 854 5021 905 5077; x_wconf 89' lang='lat' dir='ltr'>aii·</span> 
     </span>
     <span class='ocr_line' id='line_1_60' title="bbox 125 5113 904 5193; baseline -0.012 -17"><span class='ocrx_word' id='word_1_689' title='bbox 125 5122 188 5193; x_wconf 84' lang='lat' dir='ltr'>quis</span> <span class='ocrx_word' id='word_1_690' title='bbox 209 5119 322 5176; x_wconf 85' lang='lat' dir='ltr'>terrenis</span> <span class='ocrx_word' id='word_1_691' title='bbox 345 5118 482 5185; x_wconf 90' lang='lat' dir='ltr'>intentus,</span> <span class='ocrx_word' id='word_1_692' title='bbox 498 5117 570 5173; x_wconf 80' lang='lat' dir='ltr'>unde</span> <span class='ocrx_word' id='word_1_693' title='bbox 586 5115 613 5171; x_wconf 91' lang='lat' dir='ltr'>iu</span> <span class='ocrx_word' id='word_1_694' title='bbox 629 5115 697 5171; x_wconf 88' lang='lat' dir='ltr'>Gen.</span> <span class='ocrx_word' id='word_1_695' title='bbox 716 5114 750 5168; x_wconf 90' lang='lat' dir='ltr'>ad</span> <span class='ocrx_word' id='word_1_696' title='bbox 764 5113 904 5169; x_wconf 78' lang='lat' dir='ltr'>diabolum</span> 
     </span>
     <span class='ocr_line' id='line_1_61' title="bbox 125 5205 902 5271; baseline -0.014 -3"><span class='ocrx_word' id='word_1_697' title='bbox 125 5214 241 5271; x_wconf 79' lang='lat' dir='ltr'>dicitur:</span> <span class='ocrx_word' id='word_1_698' title='bbox 261 5209 368 5264; x_wconf 85' lang='lat' dir='ltr'>Terram</span> <span class='ocrx_word' id='word_1_699' title='bbox 388 5209 503 5262; x_wconf 86' lang='lat' dir='ltr'>eornedes</span> <span class='ocrx_word' id='word_1_700' title='bbox 516 5208 636 5263; x_wconf 85' lang='lat' dir='ltr'>omnibus</span> <span class='ocrx_word' id='word_1_701' title='bbox 655 5205 745 5259; x_wconf 87' lang='lat' dir='ltr'>diebus</span> <span class='ocrx_word' id='word_1_702' title='bbox 760 5205 820 5258; x_wconf 82' lang='lat' dir='ltr'>uita</span> <span class='ocrx_word' id='word_1_703' title='bbox 836 5214 902 5269; x_wconf 82' lang='lat' dir='ltr'>tam,</span> 
     </span>
     <span class='ocr_line' id='line_1_62' title="bbox 126 5298 905 5371; baseline -0.012 -11"><span class='ocrx_word' id='word_1_704' title='bbox 126 5305 154 5360; x_wconf 89' lang='lat' dir='ltr'>id</span> <span class='ocrx_word' id='word_1_705' title='bbox 169 5314 210 5359; x_wconf 83' lang='lat' dir='ltr'>cst</span> <span class='ocrx_word' id='word_1_706' title='bbox 222 5312 342 5357; x_wconf 88' lang='lat' dir='ltr'>terrenos</span> <span class='ocrx_word' id='word_1_707' title='bbox 362 5301 410 5356; x_wconf 86' lang='lat' dir='ltr'>ttbt</span> <span class='ocrx_word' id='word_1_708' title='bbox 433 5300 628 5371; x_wconf 84' lang='lat' dir='ltr'>incorporabis.</span> <span class='ocrx_word' id='word_1_709' title='bbox 655 5298 758 5354; x_wconf 89' lang='lat' dir='ltr'>Dicitur</span> <span class='ocrx_word' id='word_1_710' title='bbox 773 5311 838 5352; x_wconf 89' lang='lat' dir='ltr'>caro</span> <span class='ocrx_word' id='word_1_711' title='bbox 857 5298 905 5351; x_wconf 86' lang='lat' dir='ltr'>ltu·</span> 
     </span>
     <span class='ocr_line' id='line_1_63' title="bbox 126 5387 903 5458; baseline -0.008 -9"><span class='ocrx_word' id='word_1_712' title='bbox 126 5391 392 5458; x_wconf 59' lang='lat' dir='ltr'>marsumaticum</span> <span class='ocrx_word' id='word_1_713' title='bbox 410 5388 489 5443; x_wconf 89' lang='lat' dir='ltr'>Terra</span> <span class='ocrx_word' id='word_1_714' title='bbox 502 5389 566 5443; x_wconf 88' lang='lat' dir='ltr'>data</span> <span class='ocrx_word' id='word_1_715' title='bbox 585 5399 623 5444; x_wconf 90' lang='lat' dir='ltr'>est</span> <span class='ocrx_word' id='word_1_716' title='bbox 649 5389 676 5443; x_wconf 88' lang='lat' dir='ltr'>in</span> <span class='ocrx_word' id='word_1_717' title='bbox 700 5403 793 5441; x_wconf 74' lang='lat' dir='ltr'>manes</span> <span class='ocrx_word' id='word_1_718' title='bbox 818 5387 903 5457; x_wconf 83' lang='lat' dir='ltr'>impii.</span> 
     </span>
    </p>
   </div>
   <div class='ocr_carea' id='block_1_13' title="bbox 953 4462 1737 5179">
    <p class='ocr_par' dir='ltr' id='par_1_20' title="bbox 953 4462 1737 5179">
     <span class='ocr_line' id='line_1_64' title="bbox 953 4462 1735 4535; baseline 0 -12"><span class='ocrx_word' id='word_1_719' title='bbox 953 4467 1026 4523; x_wconf 89' lang='lat' dir='ltr'>uude</span> <span class='ocrx_word' id='word_1_720' title='bbox 1042 4482 1048 4519; x_wconf 82' lang='grc' dir='ltr'>ι</span> <span class='ocrx_word' id='word_1_721' title='bbox 1066 4464 1118 4519; x_wconf 87' lang='lat' dir='ltr'>iiic</span> <span class='ocrx_word' id='word_1_722' title='bbox 1132 4474 1171 4520; x_wconf 87' lang='lat' dir='ltr'>est</span> <span class='ocrx_word' id='word_1_723' title='bbox 1184 4466 1291 4535; x_wconf 77' lang='lat' dir='ltr'>sarrpuis</span> <span class='ocrx_word' id='word_1_724' title='bbox 1305 4462 1375 4520; x_wconf 87' lang='lat' dir='ltr'>Noui</span> <span class='ocrx_word' id='word_1_725' title='bbox 1391 4463 1560 4529; x_wconf 83' lang='lat' dir='ltr'>Testamenti,</span> <span class='ocrx_word' id='word_1_726' title='bbox 1574 4465 1655 4523; x_wconf 86' lang='lat' dir='ltr'>idest</span> <span class='ocrx_word' id='word_1_727' title='bbox 1668 4484 1735 4525; x_wconf 92' lang='lat' dir='ltr'>con-</span> 
     </span>
     <span class='ocr_line' id='line_1_65' title="bbox 953 4554 1735 4629; baseline 0.003 -15"><span class='ocrx_word' id='word_1_728' title='bbox 953 4559 1076 4614; x_wconf 89' lang='lat' dir='ltr'>tlrmator</span> <span class='ocrx_word' id='word_1_729' title='bbox 1087 4572 1164 4613; x_wconf 82' lang='lat' dir='ltr'>novae</span> <span class='ocrx_word' id='word_1_730' title='bbox 1178 4557 1255 4629; x_wconf 76' lang='lat' dir='ltr'>legis.</span> <span class='ocrx_word' id='word_1_731' title='bbox 1269 4555 1373 4611; x_wconf 90' lang='lat' dir='ltr'>Dicitur</span> <span class='ocrx_word' id='word_1_732' title='bbox 1384 4557 1425 4612; x_wconf 85' lang='lat' dir='ltr'>ier</span> <span class='ocrx_word' id='word_1_733' title='bbox 1439 4554 1569 4624; x_wconf 79' lang='lat' dir='ltr'>Massica,</span> <span class='ocrx_word' id='word_1_734' title='bbox 1579 4557 1650 4615; x_wconf 87' lang='lat' dir='ltr'>undo</span> <span class='ocrx_word' id='word_1_735' title='bbox 1665 4560 1735 4618; x_wconf 86' lang='lat' dir='ltr'>solat</span> 
     </span>
     <span class='ocr_line' id='line_1_66' title="bbox 953 4633 1651 4721; baseline 0.003 -17"><span class='ocrx_word' id='word_1_736' title='bbox 953 4647 1083 4721; x_wconf 77' lang='lat' dir='ltr'>distingui</span> <span class='ocrx_word' id='word_1_737' title='bbox 1095 4649 1166 4705; x_wconf 90' lang='lat' dir='ltr'>inter</span> <span class='ocrx_word' id='word_1_738' title='bbox 1177 4646 1281 4702; x_wconf 84' lang='lat' dir='ltr'>Norunt</span> <span class='ocrx_word' id='word_1_739' title='bbox 1292 4655 1320 4701; x_wconf 90' lang='lat' dir='ltr'>et</span> <span class='ocrx_word' id='word_1_740' title='bbox 1337 4644 1421 4702; x_wconf 81' lang='lat' dir='ltr'>Vetus</span> <span class='ocrx_word' id='word_1_741' title='bbox 1436 4633 1651 4706; x_wconf 85' lang='lat' dir='ltr'>Testamentum.</span> 
     </span>
     <span class='ocr_line' id='line_1_67' title="bbox 991 4739 1737 4814; baseline 0.003 -17"><span class='ocrx_word' id='word_1_742' title='bbox 991 4740 1193 4807; x_wconf 83' lang='lat' dir='ltr'>Testimonium,</span> <span class='ocrx_word' id='word_1_743' title='bbox 1209 4741 1280 4796; x_wconf 87' lang='grc' dir='ltr'><strong>ιιιιιιε</strong></span> <span class='ocrx_word' id='word_1_744' title='bbox 1291 4740 1318 4795; x_wconf 86' lang='grc' dir='ltr'>ιιι</span> <span class='ocrx_word' id='word_1_745' title='bbox 1330 4739 1389 4811; x_wconf 75' lang='lat' dir='ltr'>lege</span> <span class='ocrx_word' id='word_1_746' title='bbox 1403 4748 1566 4812; x_wconf 77' lang='lat' dir='ltr'>preceptum</span> <span class='ocrx_word' id='word_1_747' title='bbox 1582 4741 1634 4797; x_wconf 89' lang='lat' dir='ltr'>luit</span> <span class='ocrx_word' id='word_1_748' title='bbox 1651 4743 1737 4814; x_wconf 89' lang='lat' dir='ltr'>lepro-</span> 
     </span>
     <span class='ocr_line' id='line_1_68' title="bbox 953 4831 1736 4890; baseline -0.001 -1"><span class='ocrx_word' id='word_1_749' title='bbox 953 4834 992 4889; x_wconf 88' lang='lat' dir='ltr'>sis</span> <span class='ocrx_word' id='word_1_750' title='bbox 1006 4841 1036 4888; x_wconf 92' lang='lat' dir='ltr'>ut</span> <span class='ocrx_word' id='word_1_751' title='bbox 1058 4832 1189 4888; x_wconf 75' lang='lat' dir='ltr'>sanctiss</span> <span class='ocrx_word' id='word_1_752' title='bbox 1207 4831 1334 4888; x_wconf 75' lang='lat' dir='ltr'>offerrent</span> <span class='ocrx_word' id='word_1_753' title='bbox 1357 4832 1543 4889; x_wconf 88' lang='lat' dir='ltr'>sacerdotibus</span> <span class='ocrx_word' id='word_1_754' title='bbox 1563 4834 1590 4889; x_wconf 90' lang='grc' dir='ltr'>ιιι</span> <span class='ocrx_word' id='word_1_755' title='bbox 1613 4833 1736 4890; x_wconf 86' lang='lat' dir='ltr'>testimo·</span> 
     </span>
     <span class='ocr_line' id='line_1_69' title="bbox 954 4924 1735 4996; baseline 0.004 -15"><span class='ocrx_word' id='word_1_756' title='bbox 954 4926 1029 4981; x_wconf 88' lang='lat' dir='ltr'>nium</span> <span class='ocrx_word' id='word_1_757' title='bbox 1045 4924 1109 4991; x_wconf 87' lang='lat' dir='ltr'>illis,</span> <span class='ocrx_word' id='word_1_758' title='bbox 1124 4925 1151 4979; x_wconf 88' lang='lat' dir='ltr'>iu</span> <span class='ocrx_word' id='word_1_759' title='bbox 1167 4924 1249 4979; x_wconf 90' lang='lat' dir='ltr'>estin</span> <span class='ocrx_word' id='word_1_760' title='bbox 1265 4925 1476 4980; x_wconf 85' lang='lat' dir='ltr'>attestationem.</span> <span class='ocrx_word' id='word_1_761' title='bbox 1491 4924 1597 4981; x_wconf 88' lang='lat' dir='ltr'>Dicitur</span> <span class='ocrx_word' id='word_1_762' title='bbox 1617 4924 1735 4996; x_wconf 87' lang='lat' dir='ltr'>Spiritus</span> 
     </span>
     <span class='ocr_line' id='line_1_70' title="bbox 954 5002 1735 5089; baseline -0.003 -15"><span class='ocrx_word' id='word_1_763' title='bbox 954 5026 1076 5080; x_wconf 84' lang='lat' dir='ltr'>sanctus,</span> <span class='ocrx_word' id='word_1_764' title='bbox 1093 5016 1164 5071; x_wconf 87' lang='lat' dir='ltr'>unde</span> <span class='ocrx_word' id='word_1_765' title='bbox 1179 5012 1263 5083; x_wconf 82' lang='lat' dir='ltr'>Dauid</span> <span class='ocrx_word' id='word_1_766' title='bbox 1278 5032 1285 5070; x_wconf 92' lang='lat'><strong>:</strong></span> <span class='ocrx_word' id='word_1_767' title='bbox 1301 5002 1489 5070; x_wconf 79' lang='lat' dir='ltr'>Testimonium</span> <span class='ocrx_word' id='word_1_768' title='bbox 1501 5015 1556 5069; x_wconf 88' lang='lat' dir='ltr'>Deo</span> <span class='ocrx_word' id='word_1_769' title='bbox 1568 5015 1655 5086; x_wconf 75' lang='lat' dir='ltr'>fidele.</span> <span class='ocrx_word' id='word_1_770' title='bbox 1672 5016 1735 5089; x_wconf 87' lang='lat' dir='ltr'>Spi-</span> 
     </span>
     <span class='ocr_line' id='line_1_71' title="bbox 953 5107 1735 5179; baseline -0.005 -12"><span class='ocrx_word' id='word_1_771' title='bbox 953 5112 1023 5167; x_wconf 89' lang='lat' dir='ltr'>ritus</span> <span class='ocrx_word' id='word_1_772' title='bbox 1047 5116 1159 5166; x_wconf 90' lang='lat' dir='ltr'>sanctus</span> <span class='ocrx_word' id='word_1_773' title='bbox 1179 5107 1280 5163; x_wconf 84' lang='lat' dir='ltr'>dicitur</span> <span class='ocrx_word' id='word_1_774' title='bbox 1304 5107 1488 5164; x_wconf 90' lang='lat' dir='ltr'>testimonium</span> <span class='ocrx_word' id='word_1_775' title='bbox 1516 5107 1641 5173; x_wconf 87' lang='lat' dir='ltr'>Domini,</span> <span class='ocrx_word' id='word_1_776' title='bbox 1670 5110 1735 5179; x_wconf 86' lang='lat' dir='ltr'>quia</span> 
     </span>
    </p>
   </div>
   <div class='ocr_carea' id='block_1_14' title="bbox 942 5197 1736 5275">
    <p class='ocr_par' dir='ltr' id='par_1_21' title="bbox 942 5197 1736 5275">
     <span class='ocr_line' id='line_1_72' title="bbox 942 5197 1736 5275; baseline -0.006 -16"><span class='ocrx_word' id='word_1_777' title='bbox 942 5220 1003 5275; x_wconf 62' lang='lat' dir='ltr'>,per</span> <span class='ocrx_word' id='word_1_778' title='bbox 1021 5201 1152 5274; x_wconf 85' lang='lat' dir='ltr'>Spiritum</span> <span class='ocrx_word' id='word_1_779' title='bbox 1174 5209 1298 5257; x_wconf 90' lang='lat' dir='ltr'>sanctum</span> <span class='ocrx_word' id='word_1_780' title='bbox 1314 5199 1385 5255; x_wconf 88' lang='lat' dir='ltr'>Deus</span> <span class='ocrx_word' id='word_1_781' title='bbox 1410 5197 1489 5253; x_wconf 88' lang='lat' dir='ltr'>Pater</span> <span class='ocrx_word' id='word_1_782' title='bbox 1512 5207 1621 5255; x_wconf 89' lang='lat' dir='ltr'>sanctos</span> <span class='ocrx_word' id='word_1_783' title='bbox 1638 5200 1736 5255; x_wconf 79' lang='lat' dir='ltr'>tostill-</span> 
     </span>
    </p>
   </div>
   <div class='ocr_carea' id='block_1_15' title="bbox 954 5290 1738 5457">
    <p class='ocr_par' dir='ltr' id='par_1_22' title="bbox 954 5290 1738 5457">
     <span class='ocr_line' id='line_1_73' title="bbox 955 5290 1738 5363; baseline -0.008 -11"><span class='ocrx_word' id='word_1_784' title='bbox 955 5306 1033 5352; x_wconf 91' lang='lat' dir='ltr'>catur</span> <span class='ocrx_word' id='word_1_785' title='bbox 1046 5308 1193 5360; x_wconf 83' lang='lat' dir='ltr'>essemus,</span> <span class='ocrx_word' id='word_1_786' title='bbox 1207 5291 1340 5362; x_wconf 80' lang='lat' dir='ltr'>quiajam</span> <span class='ocrx_word' id='word_1_787' title='bbox 1360 5299 1522 5360; x_wconf 89' lang='lat' dir='ltr'>acceperunt</span> <span class='ocrx_word' id='word_1_788' title='bbox 1537 5305 1585 5360; x_wconf 87' lang='lat' dir='ltr'>per</span> <span class='ocrx_word' id='word_1_789' title='bbox 1596 5305 1659 5346; x_wconf 90' lang='lat' dir='ltr'>eum</span> <span class='ocrx_word' id='word_1_790' title='bbox 1676 5290 1738 5363; x_wconf 87' lang='lat' dir='ltr'>Spi-</span> 
     </span>
     <span class='ocr_line' id='line_1_74' title="bbox 954 5382 1736 5457; baseline -0.004 -15"><span class='ocrx_word' id='word_1_791' title='bbox 954 5389 1189 5457; x_wconf 85' lang='lat' dir='ltr'>ritutnsauctuur.</span> <span class='ocrx_word' id='word_1_792' title='bbox 1207 5383 1312 5440; x_wconf 87' lang='lat' dir='ltr'>Dicitur</span> <span class='ocrx_word' id='word_1_793' title='bbox 1325 5383 1417 5437; x_wconf 86' lang='lat' dir='ltr'>diviua</span> <span class='ocrx_word' id='word_1_794' title='bbox 1432 5382 1586 5454; x_wconf 83' lang='lat' dir='ltr'>promissio,</span> <span class='ocrx_word' id='word_1_795' title='bbox 1604 5382 1674 5439; x_wconf 85' lang='lat' dir='ltr'>trude</span> <span class='ocrx_word' id='word_1_796' title='bbox 1691 5398 1736 5439; x_wconf 87' lang='lat' dir='ltr'>se·</span> 
     </span>
    </p>
   </div>
   <div class='ocr_carea' id='block_1_16' title="bbox 125 5473 1738 5829">
    <p class='ocr_par' dir='ltr' id='par_1_23' title="bbox 126 5473 1738 5555">
     <span class='ocr_line' id='line_1_75' title="bbox 126 5473 1738 5555; baseline -0.006 -13"><span class='ocrx_word' id='word_1_797' title='bbox 126 5487 231 5542; x_wconf 88' lang='lat' dir='ltr'>Dicitur</span> <span class='ocrx_word' id='word_1_798' title='bbox 252 5481 523 5548; x_wconf 85' lang='lat' dir='ltr'>sensualitas,unde</span> <span class='ocrx_word' id='word_1_799' title='bbox 543 5482 570 5536; x_wconf 90' lang='lat' dir='ltr'>in</span> <span class='ocrx_word' id='word_1_800' title='bbox 587 5482 654 5538; x_wconf 84' lang='lat' dir='ltr'>Gen.</span> <span class='ocrx_word' id='word_1_801' title='bbox 682 5500 690 5538; x_wconf 75' lang='grc' dir='ltr'>ι</span> <span class='ocrx_word' id='word_1_802' title='bbox 718 5481 799 5536; x_wconf 88' lang='lat' dir='ltr'>Terra</span> <span class='ocrx_word' id='word_1_803' title='bbox 819 5484 904 5552; x_wconf 87' lang='lat' dir='ltr'>pariet</span> <span class='ocrx_word' id='word_1_804' title='bbox 954 5482 1074 5555; x_wconf 85' lang='lat' dir='ltr'>cundum</span> <span class='ocrx_word' id='word_1_805' title='bbox 1103 5479 1184 5534; x_wconf 87' lang='lat' dir='ltr'>allam</span> <span class='ocrx_word' id='word_1_806' title='bbox 1214 5476 1440 5548; x_wconf 85' lang='lat' dir='ltr'>expositionem:</span> <span class='ocrx_word' id='word_1_807' title='bbox 1467 5473 1655 5531; x_wconf 81' lang='lat' dir='ltr'>Testimonium</span> <span class='ocrx_word' id='word_1_808' title='bbox 1682 5475 1738 5532; x_wconf 90' lang='lat' dir='ltr'>Da·</span> 
     </span>
    </p>

    <p class='ocr_par' dir='ltr' id='par_1_24' title="bbox 126 5567 1736 5649">
     <span class='ocr_line' id='line_1_76' title="bbox 126 5567 1736 5649; baseline -0.005 -16"><span class='ocrx_word' id='word_1_809' title='bbox 126 5581 172 5633; x_wconf 84' lang='lat' dir='ltr'>tibi</span> <span class='ocrx_word' id='word_1_810' title='bbox 187 5580 276 5649; x_wconf 87' lang='lat' dir='ltr'>spinas</span> <span class='ocrx_word' id='word_1_811' title='bbox 287 5586 312 5631; x_wconf 88' lang='lat' dir='ltr'>et</span> <span class='ocrx_word' id='word_1_812' title='bbox 328 5575 449 5641; x_wconf 78' lang='lat' dir='ltr'>tribulos,</span> <span class='ocrx_word' id='word_1_813' title='bbox 463 5575 542 5630; x_wconf 89' lang='lat' dir='ltr'>idest</span> <span class='ocrx_word' id='word_1_814' title='bbox 556 5574 719 5630; x_wconf 85' lang='lat' dir='ltr'>sensualitas</span> <span class='ocrx_word' id='word_1_815' title='bbox 733 5584 904 5646; x_wconf 86' lang='lat' dir='ltr'>peccatorum</span> <span class='ocrx_word' id='word_1_816' title='bbox 955 5570 1021 5625; x_wconf 87' lang='lat' dir='ltr'>mini</span> <span class='ocrx_word' id='word_1_817' title='bbox 1033 5569 1120 5641; x_wconf 75' lang='lat' dir='ltr'>fidele,</span> <span class='ocrx_word' id='word_1_818' title='bbox 1132 5570 1159 5623; x_wconf 86' lang='lat' dir='ltr'>id</span> <span class='ocrx_word' id='word_1_819' title='bbox 1171 5577 1212 5624; x_wconf 91' lang='lat' dir='ltr'>est</span> <span class='ocrx_word' id='word_1_820' title='bbox 1226 5568 1290 5638; x_wconf 78' lang='lat' dir='ltr'>utria</span> <span class='ocrx_word' id='word_1_821' title='bbox 1305 5567 1435 5638; x_wconf 86' lang='lat' dir='ltr'>quidquid</span> <span class='ocrx_word' id='word_1_822' title='bbox 1451 5567 1583 5637; x_wconf 86' lang='lat' dir='ltr'>promittit</span> <span class='ocrx_word' id='word_1_823' title='bbox 1594 5569 1736 5638; x_wconf 77' lang='lat' dir='ltr'>persolvit3</span> 
     </span>
    </p>

    <p class='ocr_par' dir='ltr' id='par_1_25' title="bbox 125 5657 1737 5829">
     <span class='ocr_line' id='line_1_77' title="bbox 125 5657 1737 5739; baseline -0.004 -15"><span class='ocrx_word' id='word_1_824' title='bbox 125 5673 286 5739; x_wconf 80' lang='lat' dir='ltr'>punctiones</span> <span class='ocrx_word' id='word_1_825' title='bbox 307 5679 335 5724; x_wconf 86' lang='lat' dir='ltr'>ct</span> <span class='ocrx_word' id='word_1_826' title='bbox 353 5670 515 5724; x_wconf 83' lang='lat' dir='ltr'>delicturum</span> <span class='ocrx_word' id='word_1_827' title='bbox 529 5668 680 5727; x_wconf 81' lang='lat' dir='ltr'>anrusbas.</span> <span class='ocrx_word' id='word_1_828' title='bbox 697 5667 802 5724; x_wconf 86' lang='lat' dir='ltr'>Dicitur</span> <span class='ocrx_word' id='word_1_829' title='bbox 828 5681 905 5723; x_wconf 84' lang='lat' dir='ltr'>sacra</span> <span class='ocrx_word' id='word_1_830' title='bbox 955 5674 983 5720; x_wconf 89' lang='lat' dir='ltr'>ct</span> <span class='ocrx_word' id='word_1_831' title='bbox 997 5664 1059 5718; x_wconf 87' lang='lat' dir='ltr'>alibi</span> <span class='ocrx_word' id='word_1_832' title='bbox 1076 5681 1087 5735; x_wconf 18' lang='lat'>:7</span> <span class='ocrx_word' id='word_1_833' title='bbox 1100 5661 1261 5717; x_wconf 87' lang='lat' dir='ltr'>Testintonia</span> <span class='ocrx_word' id='word_1_834' title='bbox 1272 5667 1320 5716; x_wconf 91' lang='lat' dir='ltr'>tua</span> <span class='ocrx_word' id='word_1_835' title='bbox 1333 5657 1471 5718; x_wconf 85' lang='lat' dir='ltr'>eredibilia</span> <span class='ocrx_word' id='word_1_836' title='bbox 1486 5660 1559 5732; x_wconf 74' lang='lat' dir='ltr'>furto</span> <span class='ocrx_word' id='word_1_837' title='bbox 1573 5670 1634 5717; x_wconf 83' lang='lat' dir='ltr'>sunt</span> <span class='ocrx_word' id='word_1_838' title='bbox 1647 5663 1737 5732; x_wconf 86' lang='lat' dir='ltr'>nimis,</span> 
     </span>
     <span class='ocr_line' id='line_1_78' title="bbox 262 5755 1595 5829; baseline -0.007 0"><span class='ocrx_word' id='word_1_839' title='bbox 262 5771 397 5829; x_wconf 77' lang='lat' dir='ltr'>Parcas.</span> <span class='ocrx_word' id='word_1_840' title='bbox 420 5765 510 5829; x_wconf 71' lang='lat' dir='ltr'>CCX.</span> <span class='ocrx_word' id='word_1_841' title='bbox 1562 5755 1595 5819; x_wconf 83' lang='lat'>31</span> 
     </span>
    </p>
   </div>
   <div class='ocr_carea' id='block_1_17' title="bbox 0 0 2011 6036">
    <p class='ocr_par' dir='ltr' id='par_1_26' title="bbox 0 0 2011 6036">
     <span class='ocr_line' id='line_1_79' title="bbox 0 0 2011 6036; baseline 0 0"><span class='ocrx_word' id='word_1_842' title='bbox 0 0 2011 6036; x_wconf 95' lang='lat' dir='ltr'> </span> 
     </span>
    </p>
   </div>
  </div>
 </body>
</html>
