3992 6042
118 224 178 286 filii
409 230 412 235 ‘
677 224 994 285 rennuentibus,
1013 255 1050 269 ·-
1067 222 1134 282 tte.
1154 224 1224 283 titt.
1699 227 1752 285 id2

118 346 262 412 Arttdcts,
272 341 431 419 nostreque
441 360 541 404 monus
555 360 610 403 non
620 347 741 419 postulat
752 360 843 432 usuro.
929 347 950 402 tt
966 341 1121 401 ilensurom
1145 345 1249 401 citrove
1261 342 1327 401 sinit
1337 341 1483 400 decurrere
1496 339 1610 410 donum,

120 435 183 494 eeu
197 453 232 493 ne
247 437 344 495 livoris
358 440 488 496 stimulus
499 439 623 496 ridentur
634 438 662 494 iu
673 437 745 494 istud
963 435 1045 509 1402
1060 436 1189 493 Fortunas
1201 436 1272 494 ratio
1287 453 1296 492 ε
1311 435 1359 494 sed
1381 448 1448 507 opes
1467 434 1592 502 metitur,
1608 440 1637 490 et
1654 448 1750 490 omnes

117 528 265 586 Desesire
278 529 395 599 bonum,
407 533 451 588 rel
465 547 509 588 me
520 531 689 603 suspendere
701 530 788 587 lestus
798 515 826 596 ς’
963 526 1060 584 Librae
1071 529 1191 596 diuitias,
1204 542 1238 584 ne
1247 526 1272 583 si
1290 525 1476 584 nimiseffluet
1486 526 1585 582 horum

116 620 205 694 401
221 621 298 678 bons
314 621 413 691 ieram,
429 637 600 695 quecunque
612 631 704 679 tamen
721 622 777 678 sint
799 621 846 676 iilo
866 635 915 675 ne·
964 618 1077 687 Atreus,
1092 619 1122 674 in
1133 632 1257 689 preceps
1269 626 1390 673 mentem
1408 617 1537 685 deducat,
1551 624 1579 672 et
1589 614 1663 671 ibam

799 710 877 784 [gare
964 709 1070 781 liergot
1083 725 1166 781 opum
1180 717 1302 777 torrens,
1323 708 1445 764 animum
1459 708 1577 764 declinet
1588 707 1617 762 io
1633 719 1702 762 usus

116 801 204 869 Nolo,
221 817 256 857 ne
270 804 379 860 donnus
396 805 490 875 potins
507 821 590 877 quarn
605 806 676 863 done
689 804 820 876 pudorem
965 798 1088 869 illicitos,
1104 799 1261 872 mentisque
1270 814 1339 856 suos
1350 798 1490 855 effeminet
1504 806 1595 856 octos.
1651 806 1654 811 '

120 892 279 959 Sustineat,
293 894 415 964 donique
430 904 503 951 riotoe
521 896 577 951 sint
591 895 707 951 crimina
722 893 808 949 danti.
1276 909 1392 968 ggpqq
1410 908 1455 966 111·

119 982 232 1039 Addlffl
250 1000 311 1055 (iuae
326 1000 386 1041 ‘¹¹⁰⁸
398 994 463 1041 ⁸⁰⁰²
477 1004 484 1052 ἱ
497 986 520 1041 Si
536 1001 598 1057 ‹1¹¹ae
610 994 702 1041 ΨΜ
716 992 764 1039 ²¹¹²
779 998 839 1039 mea
850 981 904 1039 dici
965 1004 1057 1058 Alecto
1068 1002 1140 1058 dolet
1155 992 1284 1058 bominem
1310 1002 1345 1056 ori
1364 1009 1468 1057 tontum
1481 1000 1667 1072 perfectionem
1679 999 1757 1058 dne·

120 1075 181 1129 Aut
199 1090 242 1129 rue
253 1090 334 1146 posse
346 1077 424 1132 decet
435 1078 481 1133 aiii
498 1078 624 1134 conferre
635 1078 720 1148 (quod
734 1077 806 1134 absit
821 1078 842 1147 l)
1000 1075 1080 1156 nisse.
1098 1072 1230 1128 Vitiorum
1242 1082 1417 1145 congregetur
1426 1072 1569 1129 concilium
1579 1071 1757 1127 odientium

121 1162 165 1219 tte
182 1166 256 1234 dem,
272 1167 321 1223 sed
343 1169 436 1237 potius
460 1170 494 1223 od
518 1178 627 1239 teinpus
646 1176 767 1238 praesto;
789 1183 839 1223 nec
863 1182 899 1221 un
1000 1145 1219 1215 milinandum·

786 1259 881 1333 [qnam
965 1255 1025 1311 lum
1041 1255 1179 1326 perlectus
1189 1256 1287 1313 cratin
1304 1256 1412 1313 cunetis
1423 1255 1538 1312 coelicus
1553 1254 1598 1311 ilie

122 1346 190 1405 Utin
202 1350 276 1419 dedi,
292 1352 346 1409 nisi
356 1367 418 1422 quse
434 1367 485 1423 pro
501 1352 571 1409 veile
586 1366 727 1409 resumere
741 1367 862 1422 possem.
966 1347 1001 1403 iit
1012 1346 1123 1405 divinus
1139 1348 1233 1416 bomo,
1243 1348 1303 1418 jann
1321 1348 1428 1404 lubrico
1443 1347 1517 1404 lama
1529 1363 1578 1419 per
1589 1346 1685 1405 orbem

122 1440 184 1498 Sed
203 1451 295 1497 tamen
307 1442 353 1497 iric
366 1457 478 1499 nostros
487 1444 609 1498 conabor
622 1444 732 1498 vincere
742 1441 846 1512 lapsus,
965 1438 1078 1495 Nature
1091 1440 1229 1495 clamabat
1241 1455 1321 1510 opus,
1333 1439 1390 1510 ism
1401 1453 1498 1495 rumor
1512 1438 1539 1494 in
1552 1452 1634 1501 aures

122 1534 162 1589 ssr
176 1535 249 1590 uires
262 1534 365 1591 inierre
384 1535 464 1602 mibi,
479 1536 593 1591 mutabo
607 1536 778 1606 propinquas
966 1529 1116 1587 licitorum
1128 1530 1251 1601 dilapsus
1265 1539 1342 1598 erst;
1354 1544 1416 1587 cnm
1434 1529 1521 1587 tristis
1533 1529 1568 1585 ad
1583 1530 1652 1587 istos

120 1624 260 1691 Fraudes,
276 1634 358 1695 atque
370 1626 423 1681 mei
434 1624 568 1695 depunnn
583 1624 660 1680 taedin
673 1640 765 1682 casus.
968 1622 1186 1681 norrnirsteuo
1200 1638 1338 1689 rumores,
1353 1631 1510 1689 nontamen
1527 1622 1582 1679 illis

121 1713 170 1770 tte
186 1714 299 1769 reddam
314 1713 451 1781 stabilem,
462 1722 567 1770 motum
583 1730 632 1784 pru
642 1723 720 1785 porte
731 1713 866 1770 recidens.
932 1684 1088 1772 Bi‘iuubuit
1103 1731 1236 1773 assensus
1249 1716 1355 1784 lanies,
1372 1716 1420 1772 sed
1434 1715 1548 1772 credere
1564 1713 1680 1781 undem,

121 1802 259 1875 incipient
271 1804 369 1867 solers,
386 1804 506 1874 sapiens,
519 1805 702 1875 discretaque,
717 1819 811 1871 verax,
968 1807 1082 1879 Cogitur
1092 1808 1187 1874 inuito,
1203 1823 1264 1864 cum
1277 1822 1322 1864 res
1331 1816 1359 1864 et
1371 1806 1445 1873 inme
1460 1816 1579 1878 peroret.

120 1893 160 1951 Et
177 1895 282 1950 stabilis
296 1894 355 1949 deri
367 1912 374 1961 ;
388 1909 449 1964 quae
459 1895 554 1963 stulte,
565 1894 728 1964 improuida,
738 1893 865 1957 mendax,
968 1894 1041 1968 Ergo
1054 1896 1151 1953 domos
1165 1897 1295 1966 languere
1309 1897 1392 1963 dolet,
1408 1895 1581 1969 gemitusque
1591 1893 1675 1951 silere

120 1984 160 2038 er
175 2000 295 2056 preceps
311 1986 366 2040 huc
378 2002 467 2056 usque
480 1986 530 2054 iuri,
548 1988 661 2043 mutabo
672 1988 778 2057 priores
968 1984 1093 2058 ingemit,
1112 1995 1194 2057 atque
1206 2000 1274 2043 suos
1288 1986 1363 2057 luget
1374 1995 1530 2057 torpescere
1547 1984 1650 2040 luctus.

121 2075 279 2142 Excessus,
293 2083 456 2145 nostrasque
471 2093 570 2133 marrus
584 2077 706 2132 mirabor
723 2077 757 2132 sd
772 2077 878 2135 borum.
894 2099 908 2133 i
969 2078 1039 2134 Cum
1054 2077 1160 2133 letetur
1171 2078 1255 2133 bomo
1270 2077 1377 2147 plorat;
1394 2091 1457 2133 curn
1467 2076 1555 2132 rideat
1565 2074 1652 2140 orbis,

118 2169 232 2238 Arripit
243 2168 377 2238 ancipites
391 2176 452 2237 post
464 2168 523 2224 lraec
538 2167 658 2225 Fortuna
670 2178 787 2238 meatus,
969 2168 1066 2241 Luget,
1079 2168 1233 2240 languescit
1247 2185 1255 2237 ;
1273 2183 1336 2224 curn
1354 2167 1475 2223 mundus
1484 2166 1592 2235 floreat,
1609 2174 1688 2237 aret„

118 2252 159 2309 Et
169 2262 289 2324 ereptum
302 2261 424 2309 maturet
435 2256 497 2323 iter,
509 2256 660 2314 comitatur
676 2269 787 2316 euntem
967 2259 1040 2317 Cum
1054 2259 1142 2317 uirest
1157 2260 1256 2329 uirtus,
1270 2275 1332 2315 curu
1348 2274 1394 2316 res
1405 2259 1527 2315 hunuano
1538 2260 1670 2322 virescet,

117 2342 272 2412 Nobilitas,
288 2344 469 2416 sequiturque
484 2362 542 2403 suae
555 2348 671 2419 vestigia
689 2352 797 2407 metris.
969 2351 1132 2420 iisrcescit;
1145 2366 1208 2408 cum
1223 2360 1318 2424 regnet
1327 2352 1420 2417 bomo,
1436 2349 1618 2420 proscribitur
1630 2349 1687 2405 iiia.

120 2432 201 2505 Ergo
212 2436 284 2488 uiam
298 2449 433 2506 superans
446 2436 553 2491 incerto
567 2436 665 2506 limite,
679 2455 776 2510 gressu
942 2488 945 2491 .
968 2444 1041 2516 Ergo
1057 2459 1122 2501 suns
1132 2452 1223 2515 pestes
1236 2443 1321 2514 pestis
1331 2442 1460 2515 proedicto
1473 2449 1584 2511 repente

119 2523 275 2595 Aniblgno,
292 2539 360 2581 cusu
375 2525 501 2593 ductore,
514 2541 609 2582 errore
622 2530 764 2599 magistro,
967 2533 1128 2591 Convocat:
1143 2533 1177 2589 cd
1192 2534 1373 2604 cujusnutus
1387 2532 1576 2604 glomerentur
1595 2530 1624 2588 in
1636 2542 1725 2588 unum

120 2613 237 2671 Nature
252 2614 374 2672 Fortuna
386 2616 500 2673 domum
512 2618 654 2690 perquirit,
669 2629 696 2676 et
710 2621 786 2677 itiam
969 2624 1093 2681 Tartarei
1108 2639 1249 2695 proceres,
1261 2633 1383 2681 moturos
1395 2622 1502 2693 noctis,
1510 2620 1623 2687 oiumni,

122 2703 180 2762 Vir
194 2707 318 2776 tandem,
340 2707 462 2777 fluitans,
485 2725 566 2782 uaga,
582 2725 715 2783 preceps,
737 2715 857 2786 mobilis,
873 2733 918 2774 er·
969 2715 1115 2786 Nequitias,
1129 2714 1200 2770 tabu
1214 2715 1362 2782 socinum,
1380 2715 1522 2785 cntpeqne
1532 2711 1686 2784 magistri„

792 2807 869 2880 [rans
970 2806 1087 2874 Damna,
1101 2806 1168 2875 doli,
1185 2806 1308 2875 fraudes,
1320 2806 1453 2878 periuria,
1464 2805 1548 2872 iuris,
1563 2804 1677 2877 rapine,

123 2888 253 2955 inuenit:
270 2894 417 2950 aduentum
433 2895 515 2966 cuius
530 2895 629 2953 miratu
643 2900 777 2969 stupescit
971 2897 1103 2969 impetus,
1115 2899 1167 2966 iro,
1187 2898 1275 2965 luror,
1292 2898 1399 2967 odium,
1413 2897 1562 2963 discordis,
1578 2910 1687 2969 pugne,

123 2981 222 3037 Coria.
239 2982 291 3038 Sed
305 2986 432 3054 quamuis
450 2985 561 3044 babitus
576 2989 704 3057 mutatio,
719 2990 811 3048 uultus
930 3025 952 3084 c
973 2990 1095 3057 iiorbos,
1106 2990 1241 3058 tristities,
1257 2990 1382 3058 luscinis,
1398 2991 1618 3061 luxus,egestes,

124 3072 263 3145 Degener,
278 3076 437 3132 inconstans
450 3088 553 3149 gestus.
565 3088 668 3136 terrere
682 3081 819 3138 uidentem
968 3080 1116 3147 Luxuries,
1131 3080 1231 3151 iustus,
1246 3082 1326 3148 liuor,
1338 3080 1466 3148 lormido,
1483 3090 1626 3147 senccms,

123 3160 235 3232 Posset,
251 3173 305 3222 eto
320 3169 541 3239 rectostupidnm
556 3169 691 3226 divertere
704 3181 823 3229 mentem
838 3191 845 3230 z
969 3173 995 3229 is
1010 3173 1145 3229 socierum
1157 3173 1248 3240 turbo,
1263 3173 1393 3229 uitiorum
1410 3173 1501 3239 turbe,
1517 3173 1654 3229 malorum

124 3251 189 3308 Non
201 3263 290 3311 temen
306 3256 352 3312 illa
362 3267 435 3314 metu
450 3268 537 3323 nutat,
551 3261 599 3317 scd
612 3262 670 3317 risa
684 3278 831 3334 parumper
969 3262 1142 3333 Conventus,
1156 3277 1304 3319 numerosa
1315 3263 1376 3319 ines
1387 3271 1416 3319 et
1434 3261 1544 3333 publica
1554 3259 1651 3331 pestis,

123 3344 251 3411 liuntur,
264 3362 315 3403 nec
326 3351 426 3405 mentis
436 3351 515 3408 obest
527 3354 680 3410 constantia
695 3354 790 3411 iirrouc.
969 3352 1116 3411 Tartareas
1131 3352 1188 3410 ruit
1197 3354 1225 3410 in
1237 3351 1328 3421 sedes,
1345 3352 1391 3408 ubi
1405 3360 1502 3423 regnat
1516 3351 1662 3423 Erinnys,

124 3433 201 3503 Ergo
213 3434 348 3493 Nobilitas
363 3438 441 3496 dotes
455 3450 483 3496 et
494 3458 609 3499 munero
623 3443 735 3513 profert.
968 3443 1203 3518 imperatrilecto,
1217 3446 1291 3517 leges
1301 3443 1424 3500 dictante
1435 3442 1562 3517 biegaera.

123 3524 250 3584 Fortuna
260 3528 378 3583 dictante
389 3531 511 3598 nodum,
523 3533 706 3605 jurveuemquc
720 3537 829 3594 beatum

122 3617 239 3674 Num
250 3616 334 3686 ‘¹⁰⁰⁰'
346 3628 456 3677 'mum
473 3638 599 3690 ³¹¹¹¹¹⁸¹⁰⁹
610 3627 673 3682 ⁶⁰¹³
968 3669 1061 3725 diecto
1077 3668 1192 3725 Furtum
1205 3667 1363 3740 alloquitur.
1389 3666 1567 3741 Conqueritur
1591 3665 1624 3722 do
1648 3679 1758 3720 concere

123 3709 238 3770 Coelisil
253 3750 262 3776 ‚
275 3710 461 3780 mihimilli
475 3713 689 3782 llbiiloelllem·
1004 3742 1077 3796 sione
1102 3738 1249 3794 bominum.
1275 3737 1417 3795 Hominem
1439 3734 1648 3809 impugnandum
1666 3735 1766 3790 dosera

124 3799 208 3856 umor
221 3799 326 3857 horrore
340 3817 391 3857 suo
404 3822 412 3859 ε
428 3811 521 3859 tamen
534 3805 616 3875 buius
629 3806 701 3863 dona
718 3808 817 3864 minori
1004 3810 1054 3866 nit.

125 3891 203 3948 Luce
213 3894 316 3949 micant
326 3895 407 3951 donis
422 3897 550 3967 adjuncta
563 3898 712 3967 prioribus,
728 3900 784 3956 imo
968 3899 1119 3971 Postquam
1139 3897 1219 3956 turbo
1240 3897 1347 3967 iurene,
1364 3914 1433 3972 goos
1446 3898 1576 3968 dissona,
1592 3898 1691 3955 concio
1701 3895 1749 3954 die

127 3985 179 4041 Vir
194 3986 298 4058 aliquid
312 3988 468 4059 splendoris
487 3989 609 4059 trabent;
628 3991 693 4047 dum
712 3993 773 4050 luce
785 4008 918 4065 premnn-
1637 3988 1726 4064 [cors,

828 4085 885 4160 [tur
968 4082 1050 4140 Plebs
1062 4082 1168 4153 disper,
1185 4079 1303 4153 populus
1314 4079 1462 4149 difformis,
1475 4078 1588 4136 sedibm
1597 4078 1652 4136 illis

127 4170 223 4242 Maiori
240 4172 301 4229 isio
310 4172 419 4229 dommo
432 4174 521 4231 minor
531 4176 621 4233 uicina
633 4177 742 4234 camino
968 4171 1081 4240 insedit,
1092 4172 1157 4229 dum
1171 4185 1298 4228 murmur
1315 4170 1405 4226 adbuc
1417 4176 1590 4241 percurreret
1601 4184 1683 4226 auree
1696 4187 1704 4237 3

127 4261 313 4334 Longuescit;
329 4265 369 4321 sic
379 4266 458 4321 stella
471 4266 537 4323 taret
549 4269 719 4325 contermina
732 4268 845 4330 rumbo,
969 4262 1043 4320 bons
1057 4266 1176 4321 tumidas
1195 4277 1286 4333 uoces,
1300 4263 1421 4320 etrerbo
1435 4262 1574 4333 torquentis
1584 4262 1708 4329 Festum,

127 4352 274 4410 Coniectur
284 4364 376 4411 tamen
387 4357 421 4415 nd
433 4357 541 4413 leudem
558 4360 722 4430 titulumque
734 4360 834 4419 iesous
932 4353 955 4410 b
968 4357 1065 4415 Alecto
1075 4358 1200 4429 prorupit
1211 4357 1240 4411 in
1259 4357 1337 4412 bec:
1356 4371 1367 4408 r
1384 4353 1451 4421 Quae
1458 4354 1534 4425 jura,
1548 4353 1611 4425 quis
1622 4354 1701 4422 ordo,

127 4443 261 4504 Nobilitas
276 4457 403 4519 angusta,
417 4464 504 4519 genos
522 4451 667 4521 praesigne,
682 4462 809 4520 parentes
970 4450 1040 4523 Quis
1062 4448 1173 4518 modus,
1189 4447 1263 4504 unde
1289 4444 1379 4519 quies,
1400 4460 1463 4518 quae
1480 4452 1558 4502 tauta
1580 4444 1690 4505 licentio
1709 4458 1758 4516 pe·

128 4532 250 4607 ingenui,
266 4537 378 4595 libertos
388 4538 484 4607 libera,
503 4540 602 4596 nobilis
617 4550 704 4597 ortus.
1657 4533 1729 4611 [01⁸2

128 4622 197 4683 Ilum
211 4626 329 4683 Fortuna
343 4640 420 4699 perot
433 4629 500 4689 elias
512 4645 648 4701 apponere
662 4631 750 4697 dotes,
969 4627 1006 4687 llt
1022 4637 1131 4687 nostres
1140 4636 1238 4685 natura
1248 4628 1313 4685 relit
1326 4627 1498 4700 proscribere
1509 4627 1601 4700 leges,

128 4719 239 4775 desistit
249 4721 325 4776 danti
341 4723 421 4789 rotio,
435 4736 470 4778 ne
481 4722 552 4778 torte
569 4723 692 4793 priorum
968 4719 1004 4775 Et
1018 4721 1152 4775 muudum
1165 4719 1267 4776 seruire
1283 4719 1347 4787 sibi,
1359 4718 1491 4775 damnare
1507 4726 1648 4785 nocentes,

127 4808 238 4868 Munera
249 4810 393 4869 icrmentet
407 4813 490 4870 unius
502 4830 613 4883 munus,
627 4822 656 4871 et
669 4830 725 4872 uuo
969 4810 1002 4866 iit
1011 4811 1102 4882 justos
1113 4811 1220 4869 salvare
1232 4812 1309 4880 uelit,
1324 4828 1388 4870 curn
1401 4820 1496 4869 nostra
1508 4819 1631 4883 porestm

129 4898 262 4971 bepcreot
276 4902 342 4958 uitio
353 4905 501 4960 multarum
514 4904 600 4975 glorie
616 4919 720 4962 rerum.
968 4902 1036 4974 Ejus
1051 4904 1198 4974 preveniat
1213 4903 1294 4972 uires,
1308 4913 1459 4977 nostroque
1472 4913 1569 4961 senatu

128 4984 190 5044 Nori
199 4991 264 5046 sinit
278 4992 402 5050 aduersis
416 5011 574 5066 respergere
583 5011 726 5067 prospero,
741 4997 847 5055 moestis
968 4992 1111 5050 Plebescot
1121 4993 1223 5050 Natura
1233 4995 1334 5061 minor.
1346 4996 1484 5066 totiesque
1496 4994 1610 5052 subacta

127 5077 244 5146 Gaudia,
257 5080 407 5139 Fortuniom
423 5101 453 5141 se
466 5085 560 5141 toliere
572 5086 655 5157 cogit,
672 5095 700 5143 et
712 5087 803 5144 ouiert
968 5083 1087 5157 Legibus
1098 5086 1204 5157 imperii
1216 5087 1315 5154 nostri,
1330 5087 1431 5143 mutire
1443 5084 1544 5142 solebit

128 5167 204 5227 lianc
221 5174 284 5242 sibi,
300 5177 460 5232 mendacem
474 5193 568 5244 ierom
578 5177 643 5233 iacit
653 5193 725 5247 esse,
738 5180 846 5237 iidelem
946 5180 950 5190 ‘
967 5177 1103 5248 Amplius,
1116 5188 1144 5234 et
1158 5179 1259 5236 nostris
1271 5178 1426 5237 subducere
1442 5179 1510 5234 oolla
1522 5173 1651 5234 cetenisl

127 5257 256 5331 Fcis-amp
272 5276 445 5324 corruentem
471 5268 594 5337 tluidum,
612 5285 767 5341 cenamque
780 5273 917 5332 uidentem
967 5273 1042 5330 Prole
1056 5275 1162 5345 pudor!
1179 5274 1301 5332 incestus
1316 5274 1404 5331 aberit
1417 5283 1547 5345 regnante
1558 5269 1687 5343 puderet

129 5347 237 5421 ileddit,
252 5363 280 5411 et
295 5356 328 5411 ad
345 5364 454 5426 tenpus
469 5346 543 5430 cogit
557 5375 666 5417 cessare
677 5369 831 5432 uagantem.
969 5363 1138 5437 Languescet
1150 5365 1258 5423 lucinus
1273 5367 1409 5423 mundum
1428 5365 1531 5437 pietate
1543 5370 1655 5435 regente
1669 5362 1682 5417 t

128 5438 200 5514 Ergo
212 5461 278 5504 suas
294 5448 408 5520 largitur
421 5465 487 5520 opes
498 5449 629 5523 Fortuna,
640 5468 691 5511 neo
705 5453 777 5511 ultra
969 5455 1054 5513 Cedm
1066 5459 1181 5516 auaritia
1196 5459 1218 5530 ¹,
1231 5460 1254 5516 si
1266 5472 1382 5518 munere
1396 5457 1493 5517 tondit
1505 5455 1608 5527 ubique

763 5562 881 5621 VbiilAE
899 5566 1104 5633 cucurbitus,

1270 3573 1392 3647 ,curun
1410 3572 1457 3634 u.

184 5650 195 5683 ⁸
211 5649 263 5709 lis.
278 5652 324 5722 ii,
341 5654 480 5712 avarities.
