3992 6042
232 202 288 262 ser
872 169 1191 249 suminumsmrs
1807 187 1863 245 res

271 317 341 373 bum
353 312 429 372 ridet
442 310 575 371 auxilium
591 309 646 368 vinu
657 306 710 367 sibi
722 304 796 366 ferre
810 321 932 365 eanum:
1037 307 1060 364 Α
1109 306 1142 362 Et
1154 317 1219 363 tunc
1234 317 1289 360 non
1302 312 1417 375 possunt
1433 300 1537 372 absque
1549 297 1644 357 dolore
1656 299 1740 355 trahi.

235 405 309 462 luter
323 411 466 461 consortes
476 399 607 458 audacior
620 407 664 456 εει
678 398 762 455 lromo
774 412 893 469 nequam
1074 396 1126 465 Qui
1140 397 1235 467 culpas
1248 395 1281 451 de
1295 394 1377 451 corde
1402 392 1496 460 trahit,
1512 391 1603 447 trahat
1620 406 1710 461 usquo
1724 400 1845 449 recenter

270 494 359 561 Quam
374 492 410 549 sit
424 493 452 548 iu
463 490 583 548 extemis
597 487 676 545 hoste
689 488 810 544 minante
824 487 900 543 locis.
1109 487 1142 542 Fr
1154 495 1268 542 cunctas
1287 485 1398 557 pariter,
1416 500 1450 539 uc
1465 482 1536 538 ierat
1546 497 1600 537 una
1614 494 1710 536 necem

236 584 381 640 inuentum
398 583 475 638 tarde
487 580 607 652 teporem
623 580 677 636 cito
691 579 831 650 perdimus
844 577 912 633 inter
1073 579 1143 647 Quid
1157 579 1268 650 prodest
1280 577 1417 633 medicum
1429 575 1524 647 plagas
1538 588 1652 629 sanasse
1665 572 1806 637 ducentas.

273 675 449 748 lepreculas,
467 689 529 730 curn
544 674 582 730 sit
595 688 639 729 res
655 672 768 745 fugitiva
783 672 870 742 lepus.
1110 669 1139 727 Si
1154 677 1263 725 maneat
1278 668 1405 739 quaedam
1419 681 1473 738 qua
1485 666 1622 721 moriatur
1637 665 1743 719 homoi

236 768 380 825 Perdimus
390 766 539 837 anguillam
553 766 680 820 manibus
691 765 756 819 dam
766 762 927 834 stringimus
935 760 1022 828 iliam,
1073 759 1162 817 Arbor
1176 774 1236 829 quae
1246 759 1299 813 late
1312 765 1401 812 ramat
1415 755 1452 824 ⁷⁸,
1468 755 1520 811 uisi
1533 754 1613 809 duma
1628 753 1664 811 sit
1675 754 1731 809 imo
1744 754 1777 822 ’1,

271 861 357 934 Cujus
370 860 489 918 labilitas
503 858 572 914 iaiiit
589 858 617 913 iu
636 872 718 913 amne
731 854 844 919 manus’;
1108 851 1178 906 Cum
1193 851 1278 905 rantis
1292 848 1365 905 lucili
1382 847 1486 903 corruit
1501 847 1554 902 ieta
1568 843 1649 900 Noto.

237 953 283 1010 Sic
297 954 355 1010 abit
367 954 496 1009 iuuentus
510 950 562 1008 nisi
578 957 758 1007 conservetur
772 948 890 1015 amicus,
1075 941 1128 997 Sed
1143 956 1204 1011 quae
1218 940 1326 996 radices
1338 939 1420 994 babet
1435 939 1464 994 in
1480 938 1577 994 tellure
1594 935 1758 1008 pruiuudas,

271 1042 374 1103 Etnisi
389 1042 503 1098 libertas
517 1049 613 1096 mutua
626 1047 717 1095 seruet
727 1054 802 1094 eum.
1109 1029 1215 1097 Obstat,
1228 1039 1255 1086 et
1266 1030 1344 1087 crelli
1364 1030 1388 1064 ’1
1402 1040 1479 1100 peste
1493 1029 1602 1084 furente
1613 1028 1719 1099 nequit.

234 1129 295 1187 Non
308 1132 377 1187 benc
393 1130 490 1186 liumus
503 1137 573 1196 erat,
587 1129 672 1200 digito
686 1128 733 1199 qui
752 1128 869 1184 soluitur
880 1142 935 1184 uno
1075 1123 1128 1192 Qui
1142 1138 1234 1180 ramos
1248 1122 1338 1189 iaruae,
1352 1140 1406 1178 non
1419 1121 1527 1178 radices
1538 1122 1711 1188 meritorum,

271 1221 385 1277 Nodos:
402 1217 552 1286 nectentis,
566 1226 622 1273 tam
638 1217 693 1273 cito
703 1216 789 1272 tracta
806 1215 883 1271 tides.
1024 1204 1027 1208 ’
1111 1215 1240 1271 Extendit
1254 1215 1318 1277 iate,
1332 1215 1403 1270 scito
1420 1212 1493 1284 quod
1509 1212 1568 1282 ipsc
1581 1212 1681 1268 cadet:

234 1309 382 1381 Nunquam
397 1309 467 1364 udus
479 1308 541 1375 erit,
556 1307 604 1378 qui
617 1306 717 1362 desinit
727 1321 789 1362 esse
804 1305 900 1371 tidelis,
1076 1306 1135 1365 Non
1151 1308 1242 1363 sotum
1255 1307 1336 1370 cneio,
1350 1307 1397 1378 qni
1411 1306 1476 1360 talia
1489 1319 1560 1360 varra
1572 1303 1710 1376 protatur,

270 1401 417 1473 Nunquam
432 1400 480 1472 11111
501 1415 556 1455 non
569 1398 704 1464 1111111115,
721 1398 827 1453 amicus
841 1398 893 1452 crit
1110 1401 1160 1457 Ast
1173 1401 1257 1456 etiam
1271 1400 1339 1455 vitio
1354 1398 1481 1470 displicet
1494 1398 1540 1454 ille
1554 1397 1625 1454 solo.

231 1491 276 1547 'Ea
292 1505 347 1562 quo
361 1490 528 1547 conueniunt
543 1488 598 1545 11110
612 1497 724 1560 pectora
739 1495 835 1559 pectus
849 1485 877 1541 111
893 1498 997 1550 ultumi
1074 1490 1135 1548 Non
1148 1493 1239 1549 minus
1251 1500 1294 1547 est
1307 1491 1397 1546 dulcis
1412 1504 1498 1562 paruo
1512 1489 1545 1545 de
1556 1488 1632 1545 ionae
1645 1496 1756 1559 recepta

271 1581 325 1637 Fas
339 1588 381 1636 εει
395 1588 426 1636 ut
443 1587 573 1635 maneant
588 1590 698 1650 pectora
711 1587 807 1649 pectus
821 1577 904 1632 idem.
1110 1582 1198 1651 Quam
1215 1598 1277 1654 quae
1293 1583 1328 1638 de
1348 1598 1448 1654 magno
1465 1581 1578 1637 llumiuc
1590 1581 1678 1638 iertnr
1692 1597 1773 1652 aqna.

236 1673 327 1731 1111111·
345 1672 437 1729 minus
451 1688 537 1729 8111115
553 1687 637 1742 quam
653 1685 770 1743 ’0111011
783 1668 905 1726 “ediulf
917 1680 999 1739 13811»
1040 1648 1110 1733 ΒΕι
1124 1677 1209 1733 cadus
1225 1684 1253 1731 et
1268 1675 1373 1730 dolium
1389 1675 1510 1731 retiueut
1524 1675 1692 1746 quandoque
1705 1673 1865 1743 Falernum,

270 1766 322 1833 Qui
338 1764 461 1821 medicos
475 1765 537 1834 ejus
551 1762 623 1819 iuste
634 1763 677 1818 vel
690 1777 756 1819 cuso
772 1760 845 1817 felil-
1076 1754 1082 1769 ’
1109 1767 1165 1824 Νεε
1176 1767 1280 1824 dolium
1295 1767 1395 1824 melius
1408 1782 1491 1838 quam
1503 1767 1595 1823 breuis
1608 1767 1668 1838 ipse
1683 1766 1782 1823 cadus.

235 1861 304 1929 Quis
318 1859 405 1931 magis
418 1858 532 1915 insanus
543 1871 625 1928 quam
639 1870 728 1912 caecus
741 1857 769 1911 iu
787 1855 872 1911 ardua
886 1854 995 1919 ductus,
1075 1857 1132 1916 Noe
1146 1859 1235 1929 magis
1249 1857 1360 1931 egregio
1375 1857 1508 1913 dulcescit
1522 1864 1604 1927 potus
1618 1859 1646 1913 iu
1662 1871 1731 1912 auro

270 1952 301 2010 Si
317 1961 382 2009 tunc
395 1961 554 2009 contemnat
565 1950 628 2007 selle
640 1959 762 2007 tumente
774 1950 897 2006 ducem?
1111 1946 1199 2014 Quam
1215 1946 1283 2002 lacit
1296 1947 1324 2001 in
1336 1946 1408 2001 vitro
1422 1946 1496 2016 quod
1511 1947 1605 2003 minus
1618 1963 1681 2003 asse
1695 1948 1775 2003 ualet.

234 2042 332 2118 Lippa,
346 2060 401 2100 uon
414 2045 495 2101 lusco
506 2043 619 2116 collyria
634 2041 714 2115 nigra
727 2041 882 2110 medentur,
1076 2037 1210 2108 Quamuis
1223 2038 1342 2109 quisque
1358 2039 1443 2093 miser
1455 2038 1598 2095 benedicat
1610 2040 1653 2095 uel
1671 2039 1754 2108 bona,
1768 2054 1850 2094 nemo

270 2137 323 2206 Qui
338 2136 423 2194 semel
438 2145 480 2193 εει
491 2136 597 2203 ιιιεειε,
610 2150 665 2191 nou
680 2133 735 2190 nisi
745 2133 840 2191 luscus
851 2133 915 2191 erit.
1112 2130 1233 2200 Corpore
1243 2142 1295 2199 pro
1310 2128 1414 2184 misero
1427 2127 1491 2182 vilia
1506 2128 1588 2183 verba
1599 2137 1688 2201 putet.

233 2229 368 2288 Nolumus
379 2230 408 2284 in
424 2229 526 2300 scirpo,
546 2243 603 2299 quo
619 2242 674 2283 nou
688 2234 740 2295 εει,
752 2241 877 2298 quaerere
890 2223 1006 2289 nodum,
1076 2219 1188 2277 Visibus
1202 2219 1315 2275 intentis
1330 2226 1471 2275 scrutatur
1484 2218 1519 2274 ab
1529 2220 1632 2276 aetlrcre
1646 2229 1748 2276 terram
1759 2220 1784 2254 ’1

269 2323 327 2380 Nec
340 2338 422 2393 super
435 2322 576 2379 infirmum
592 2334 695 2391 ponere
709 2335 809 2391 magua
822 2318 938 2392 gradum
952 2335 960 2373 :
1111 2306 1210 2363 illilus
1224 2326 1231 2362 :
1243 2314 1271 2363 et
1284 2323 1301 2363 a
1315 2307 1393 2379 longc
1408 2306 1495 2364 inusta
1508 2307 1533 2341 11
1545 2309 1641 2365 relicta
1662 2310 1754 2366 uidet:

234 2415 321 2471 Pasce
333 2427 440 2477 canem,
452 2420 546 2482 pastus
558 2419 622 2466 tuus
638 2411 717 2466 illum
733 2409 827 2475 leniet,
846 2419 872 2465 et
884 2418 910 2465 tq
1075 2396 1147 2466 Noli,
1155 2400 1219 2455 licei
1225 2399 1339 2466 esuriat,
1351 2398 1443 2454 siaiim
1457 2399 1598 2456 descendit
1609 2400 1645 2456 ab
1656 2401 1722 2468 alio,

270 2502 401 2571 Quamuis
413 2503 542 2567 caedatur,
557 2515 644 2556 eaesus
658 2500 760 2556 amabit
774 2500 883 2567 lterum,
1112 2490 1166 2548 Sed
1180 2491 1265 2547 uariis
1278 2493 1353 2564 gyris
1367 2492 1465 2548 circuit
1479 2508 1565 2565 nsque
1577 2495 1679 2550 locum.

231 2593 290 2650 Fac
305 2607 515 2663 servenequam
532 2592 614 2658 bona,
627 2604 735 2660 semper
749 2599 777 2646 et
795 2605 877 2645 omne
896 2589 970 2661 quod
984 2587 1025 2644 ilii
1077 2581 1147 2639 Sunt
1160 2599 1222 2639 uam
1234 2585 1281 2655 qui
1292 2585 1406 2656 laqueos
1417 2586 1506 2656 posita
1517 2586 1587 2657 dape
1597 2602 1699 2658 ponere
1709 2587 1820 2655 callent,

270 2683 423 2740 Praebucris
434 2683 532 2753 perdes
545 2698 553 2749 ;
565 2695 629 2736 cum
641 2681 693 2737 sibi
713 2682 806 2737 nullus
820 2695 908 2736 amor.
1113 2674 1195 2748 430
1213 2673 1249 2732 Ut
1265 2676 1306 2733 sic
1323 2678 1442 2734 iueautae
1453 2678 1628 2750 decipiantur
1638 2696 1712 2736 aues

234 2774 379 2833 Ridiculus
393 2789 456 2830 mus
467 2780 520 2840 εει,
532 2771 579 2843 qui
595 2770 720 2828 muribus
735 2773 870 2842 imperat:
887 2772 972 2843 etqui
1076 2771 1199 2841 lienique
1210 2779 1339 2841 percepto
1355 2772 1425 2827 nilril
1437 2775 1552 2845 aucupis
1571 2775 1639 2832 artis
1649 2777 1755 2842 adesse,

270 2867 413 2937 Tanquam
427 2881 475 2920 rea
488 2864 588 2919 borum
606 2862 647 2919 sic
662 2864 686 2896 ’1
698 2862 856 2919 dominatur
867 2863 923 2929 cis;
1112 2859 1256 2933 Unguibus
1270 2862 1376 2917 accedit
1389 2870 1465 2918 tutus
1478 2871 1505 2918 ει
1516 2874 1577 2919 exta
1590 2868 1672 2936 eupit.

232 2961 297 3020 Nou
311 2959 401 3014 minor
414 2966 457 3013 est
476 2958 549 3013 risus
563 2956 690 3014 deservo
704 2955 816 3028 quando
830 2955 937 3011 teratur
1038 2975 1060 3033 ς
1076 2952 1209 3009 Nonnihil
1224 2953 1341 3024 exempli
1358 2969 1465 3011 normes
1476 2956 1510 3011 de
1526 2971 1608 3012 carne
1626 2960 1709 3014 creati

269 3049 301 3107 lu
315 3048 474 3116 dominum;
492 3047 602 3118 quando
617 3061 683 3104 uoce
697 3062 836 3118 manuque
854 3046 921 3102 furit
935 3045 959 3080 ’1
1112 3044 1307 3102 Demonstrarrt
1321 3045 1410 3102 oculis
1429 3048 1619 3105 mortificantis
1630 3049 1652 3082 11
1665 3066 1734 3121 opus
1749 3070 1755 3105 :

229 3140 368 3213 ¹Asperius
383 3139 421 3195 nil
435 3146 477 3194 εει
491 3137 588 3193 bamili
602 3152 665 3194 eum
677 3138 765 3209 surgit
778 3138 805 3193 in
820 3138 918 3205 altum;
1076 3135 1209 3193 Dentibus
1220 3137 1354 3193 irrvadunt
1365 3147 1504 3209 acceptam
1519 3141 1658 3197 morsibus
1672 3142 1756 3206 iliani,

271 3231 400 3302 liiugitur
410 3230 434 3264 ’1
444 3230 472 3286 in
484 3231 556 3286 celsa
569 3229 650 3285 simia
665 3229 728 3286 sede
740 3230 849 3286 sedens.
1112 3224 1172 3282 Non
1188 3236 1316 3298 quaerunt
1327 3212 1420 3298 aliam,
1438 3231 1504 3286 dum
1517 3231 1570 3287 sibi
1582 3233 1663 3288 durat
1679 3248 1720 3289 ea.

235 3325 357 3384 Diversis
369 3323 479 3380 diuersa
492 3324 584 3379 ualent
595 3320 777 3379 medicamina
794 3320 908 3386 morbis,
1076 3317 1190 3375 Consilii
1205 3317 1274 3372 ntml
1286 3327 1338 3386 cst,
1350 3320 1404 3376 uisi
1416 3321 1458 3376 sal
1473 3337 1635 3380 succurrere
1645 3324 1743 3395 possit,

188 3484 192 3491 ,
271 3421 308 3478 Ut
322 3420 430 3478 variant
442 3418 543 3486 morbi,
559 3419 599 3474 sic
612 3418 808 3473 uarianturea.
1113 3408 1160 3464 Sil
1174 3408 1294 3479 i>⁰⁵i²¹¹¹¹¹
1306 3413 1393 3480 large,
1408 3413 1517 3468 1111111111
1532 3422 1716 3473 111111111οε.

233 3509 296 3568 Non
310 3524 366 3567 uuo
380 3510 507 3565 doctriua
523 3507 605 3562 modo
617 3522 647 3562 sc
657 3506 796 3560 mentibus
809 3504 902 3571 insert,
1079 3499 1224 3557 ilermibus
1237 3501 1281 3557 iric
1293 3517 1353 3558 mos
1366 3511 1427 3558 est:
1444 3520 1495 3560 nec
1510 3504 1599 3561 solum
1614 3506 1749 3578 linquitur
1760 3509 1826 3579 illis,

271 3603 320 3658 llis
332 3602 426 3667 timor,
438 3599 481 3654 his
494 3597 628 3661 monitus,
644 3596 688 3652 iris
704 3596 853 3651 adbibctur
862 3610 952 3651 artior.
1113 3593 1183 3651 Sunt
1195 3595 1223 3650 in
1237 3610 1308 3666 quos
1321 3597 1422 3652 transit
1432 3596 1491 3667 jam
1504 3596 1581 3654 luror
1592 3599 1638 3656 iile
1648 3601 1711 3657 uiri.

236 3694 434 3763 Quadrupedes
451 3688 591 3760 adaquare
615 3689 714 3761 nequis
736 3688 802 3745 dum
814 3691 937 3762 percutis
950 3690 970 3745 ii
980 3704 1023 3758 os,
1075 3684 1136 3742 Non
1150 3695 1260 3758 propter
1278 3701 1383 3757 pennas
1396 3689 1489 3744 laudat
1502 3690 1617 3745 conviva
1630 3690 1780 3758 uolucrem,

272 3783 355 3858 {429
366 3780 422 3838 Nec
435 3783 508 3853 cogit
519 3795 621 3853 pueros
635 3780 711 3854 uirga
724 3783 835 3839 studere
847 3781 941 3839 rudes.
1110 3778 1167 3836 Nec
1180 3790 1290 3852 propter
1304 3781 1410 3838 corium
1430 3797 1530 3852 mango
1543 3782 1567 3815 11
1582 3784 1702 3839 disertus
1716 3800 1834 3856 equum,

235 3875 354 3932 Parvula
368 3875 492 3930 uenalem
509 3873 681 3944 comprendit
695 3875 816 3930 mantica
834 3874 927 3942 telam,
1076 3870 1136 3928 Nou
1149 3873 1287 3942 equidem,
1296 3873 1395 3929 similis
1404 3888 1453 3943 per
1465 3872 1574 3943 singula
1588 3876 1702 3930 cursitat
1714 3891 1791 3943 usus,

271 3966 305 4022 m
317 3968 389 4038 jacet
401 3967 500 4039 exiguo
514 3966 695 4037 multiplicata
713 3966 775 4023 loco
789 3985 797 4023 a
1112 3963 1209 4021 Vestes
1222 3979 1276 4019 non
1296 3965 1423 4021 homiues
1437 3967 1529 4022 omnis
1541 3967 1661 4021 honorat
1673 3969 1765 4023 tromo.

236 4060 289 4128 Qui
302 4061 353 4126 sic,
369 4060 441 4130 quod
453 4057 559 4128 cupidae
571 4060 654 4115 menti
664 4075 721 4116 non
733 4059 834 4116 sufficit
845 4061 945 4120 urbig?
1077 4053 1156 4111 linire
1167 4071 1237 4110 noua
1255 4053 1327 4111 iacta
1349 4070 1452 4112 nouum
1474 4066 1599 4113 statuunt
1615 4072 1663 4128 per
1678 4058 1777 4115 sucula
1800 4073 1864 4116 tuo·

271 4150 376 4207 Praedia
391 4159 537 4215 terrarum,
552 4150 651 4221 gloria,
671 4165 781 4219 census,
794 4150 903 4208 bonor?
1693 4149 1772 4224 [rem
1790 4151 1826 4221 ’1,
1886 4217 1891 4223 ,

231 4241 285 4299 Jus
303 4250 355 4309 est,
373 4249 404 4298 ut
418 4241 527 4311 penitus
542 4249 621 4296 terrae
633 4241 670 4297 sit
682 4242 869 4301 homunculus
883 4258 998 4316 eapers;
1110 4239 1188 4308 Quod
1214 4240 1281 4295 niirii
1301 4248 1414 4313 excepto
1436 4255 1555 4312 paupere
1572 4241 1624 4297 vile
1646 4226 1730 4313 jacet.¹

272 4331 325 4398 Qui
338 4339 424 4388 totam
439 4339 540 4414 terram
555 4329 631 4385 solus
644 4329 744 4387 babere
757 4331 843 4403 cupit.
1075 4329 1119 4387 Nil
1134 4331 1204 4387 bene
1216 4346 1320 4401 pauper
1334 4332 1409 4402 agit:
1425 4332 1472 4388 sed
1487 4347 1537 4403 pro
1549 4334 1655 4390 ratione
1668 4343 1775 4390 tenetur

233 4421 374 4479 Faucibus
386 4421 513 4477 innocuis
525 4418 633 4476 deserta
647 4419 790 4477 leunculus
807 4423 902 4491 ambit,
1110 4420 1248 4492 Quidquid
1261 4421 1316 4493 agit
1329 4421 1417 4488 diues,
1431 4437 1479 4478 seu
1494 4422 1574 4489 bene,
1588 4423 1646 4479 siue
1658 4423 1738 4479 maie.

272 4509 343 4567 Cum
356 4510 425 4565 nibil
437 4510 559 4566 inueniat
572 4510 646 4581 quod
663 4510 784 4567 lacerare
795 4521 896 4583 queat;
1076 4511 1189 4583 Sumpta
1203 4511 1269 4583 quid
1285 4514 1584 4585 escaualetquaequam
1599 4514 1654 4571 cito
1666 4516 1785 4571 sumitur
1794 4518 1862 4581 erit,

235 4600 295 4659 Non
309 4615 418 4674 semper
428 4600 524 4671 pungit
538 4614 661 4669 serpens,
675 4615 727 4655 nec
739 4600 829 4657 iuudit
841 4604 942 4675 ubique
1105 4602 1216 4664 Nausea
1229 4618 1277 4659 cor
1290 4612 1380 4671 uetat,
1395 4606 1500 4661 viscera
1515 4606 1578 4662 laxa
1591 4605 1684 4662 dolent
1697 4627 1705 4664 a

273 4691 368 4761 Virus,
382 4692 456 4763 quod
470 4705 562 4746 secum
581 4705 689 4760 semper
702 4692 731 4747 iu
747 4693 899 4764 oregerit:
1075 4695 1194 4765 Quando
1207 4713 1262 4753 nou
1277 4698 1379 4768 patitur
1394 4697 1576 4754 medicamina
1592 4700 1704 4755 morbus
1718 4700 1746 4756 in
1765 4700 1837 4769 aluo,

234 4784 296 4843 Non
307 4784 433 4856 equidem
447 4782 571 4848 stimulo,
583 4795 635 4836 nee
643 4791 768 4851 parceret
780 4783 824 4839 iile
835 4797 950 4851 veneno,
1111 4786 1170 4844 Non
1182 4788 1291 4861 signum
1303 4790 1374 4857 uitae,
1388 4790 1434 4846 sed
1452 4792 1528 4846 ueeis
1539 4805 1601 4846 csse
1611 4799 1687 4862 puto.

273 4875 302 4933 θ’
313 4875 380 4947 (111111
395 4874 504 4930 adesset
520 4872 593 4943 ‘1¹¹‘ld
612 4872 711 4928 ’1111111
724 4882 817 4944 posset
828 4888 871 4931 eo.
1078 4878 1113 4937 Ut
1128 4880 1198 4951 dape
1214 4890 1309 4936 ucrrtcr
1322 4891 1392 4952 egel,
1407 4882 1448 4937 sic
1460 4882 1573 4952 spiritus
1585 4882 1688 4953 indiget
1698 4883 1756 4948 ilia,

541 4960 658 5019 CAPUT
678 4962 723 5020 lil-
1111 4970 1170 5027 Non
1182 4972 1252 5027 benc
1263 4986 1424 5042 pascuntur,
1436 4988 1499 5027 curu
1514 4972 1582 5028 nibil
1593 4973 1661 5028 alter
1673 4973 1763 5030 babet.

235 5059 295 5116 Nun
311 5058 382 5115 bene
395 5056 556 5128 depedibus
570 5058 656 5128 spinae
676 5057 824 5129 tribulique
842 5058 998 5126 traduntur,
1075 5065 1136 5123 Non
1157 5065 1268 5121 diseunt
1298 5066 1456 5137 quicunque
1479 5066 1589 5123 scholas
1623 5067 1782 5140 ubicunqne
1807 5065 1865 5124 tro.

273 5151 341 5204 [inm
354 5150 446 5206 breuis
464 5148 581 5205 interius
594 5149 672 5220 spina
685 5149 779 5205 relicta
790 5150 865 5219 iacet
877 5151 901 5183 ’1
917 5169 924 5218 ;
1666 5160 1828 5234 [gamag

240 5242 296 5308 Quo
316 5255 394 5296 mora
409 5240 499 5311 ruajor
510 5239 573 5309 crit,
595 5248 671 5297 tanto
683 5256 763 5313 mage
776 5241 890 5298 uulnera
900 5252 1023 5315 putrent,
1111 5248 1180 5306 Nam
1194 5250 1287 5322 plures
1302 5250 1416 5307 veniunt
1431 5262 1461 5308 ut
1475 5251 1621 5309 rideantur
1636 5252 1685 5309 ibi.

872 5359 987 5419 tantm
1007 5356 1234 5423 cucurbitus(

272 5451 295 5481 ’1
314 5448 366 5505 Sit.
413 5450 437 5483 ’1
456 5449 540 5506 Ferit.
578 5452 603 5485 ’1
619 5450 753 5523 Pingitur.
792 5455 816 5487 ’1
834 5455 1120 5527 chaer.manet..”
1139 5459 1267 5517 Frondet.
1300 5462 1322 5496 ’1
1337 5460 1407 5519 Una.
1445 5458 1470 5497 ²⁸
1485 5460 1603 5535 Leprer,
1623 5460 1720 5518 everti.
1759 5461 1782 5495 ’1
1798 5461 1868 5536 Lug·

242 5528 296 5581 rer,
320 5519 451 5585 praedam.
499 5521 523 5554 11
544 5520 652 5605 Serota.
702 5523 725 5557 11
746 5524 937 5586 Testilieaulis.
977 5531 1001 5564 11
1020 5529 1130 5601 longo,
1145 5530 1313 5588 coorturiilo
1336 5534 1384 5604 gal
1406 5549 1503 5591 mercer
1524 5535 1610 5605 polire
1632 5532 1704 5589 nouit
1727 5543 1756 5589 ut
1780 5534 1868 5582 1111111·

243 5585 392 5643 rerrdamrtr.
439 5588 463 5621 11
482 5588 589 5661 iaeprcr,
603 5594 720 5664 smgula.
1778 5596 1783 5608 ¹
