3992 6042
242 178 297 240 aba
892 175 996 237 altbt
1019 177 1066 237 DE
1082 175 1216 239 tlisttbts
1822 185 1887 242 840

238 296 427 368 intelliguntur
441 293 480 351 illi
494 291 542 365 qni
555 301 621 350 sunt
633 292 869 365 poenitentesque
893 308 942 363 per
955 292 1027 348 mul·
1041 304 1064 361 ,t
1078 295 1168 350 etesiae
1183 294 1314 350 ‹licrmtur
1333 293 1534 364 praedicatores,
1545 306 1593 364 per
1610 306 1681 366 quus
1697 300 1726 349 et
1737 293 1807 349 Ddcs
1821 292 1884 352 Be-

238 396 296 443 tam
318 386 509 443 contritionem
538 384 706 455 paenitentiae
717 394 863 440 assumunt
878 386 1028 442 carrdurem
1080 384 1169 440 etesia)
1183 385 1312 440 dilatatur
1324 395 1351 440 et
1369 384 1428 456 ipsa
1442 385 1616 442 dilluuditur.
1630 384 1737 441 Dicitur
1748 381 1883 443 Εεειεείι

236 476 369 549 justitiae3
384 491 432 546 per
448 476 539 529 lanam
555 473 682 530 fortiores
697 475 724 529 in
736 474 869 530 Ecclesia.
1080 476 1252 546 triumphans
1266 478 1307 533 vel
1329 477 1385 532 vita
1399 486 1512 542 eterna,
1538 479 1612 536 unde
1624 477 1711 535 Dauid
1724 495 1732 532 ε
1747 478 1881 547 Domine,

274 565 495 640 biguuri[n0tat]
517 566 622 635 recolui,
651 568 726 624 unde
744 579 844 637 pocta:
872 567 1030 623 Utceruii-
1079 565 1460 624 ditexirtecoremdonuetue
1483 580 1508 624 ct
1520 569 1608 625 locunt
1621 569 1795 626 habitationis
1808 583 1880 628 ιιι.

238 670 344 732 quatur.
377 658 460 714 Notat
471 659 589 728 irritandi,
613 670 640 716 et
653 658 805 715 secundum
820 660 873 714 boc
885 658 913 714 iu
923 659 950 713 ri
965 673 1030 729 pas·
1080 659 1185 715 Dicitur
1211 661 1331 728 occasio,
1347 660 1419 717 uude
1433 660 1559 718 Paulos:
1581 660 1673 718 Nolite
1690 660 1779 719 locum
1804 664 1880 723 dure

238 750 301 810 siri.
320 750 391 804 unde
405 757 499 818 poeta:
515 748 655 804 Elementa
670 747 796 818 liquarit,
820 747 847 804 id
866 756 909 806 εει
936 748 1031 805 iniun-
1079 751 1196 819 diablo,
1212 752 1294 810 idest
1316 755 1491 811 occasionem
1510 754 1671 826 possidendi
1683 770 1744 812 vos.
1758 756 1881 813 Dicitur

238 841 287 900 dit.
302 842 386 899 Notat
400 846 526 900 similiter
540 845 685 915 profluere,
699 844 849 899 decurrere.
1079 851 1217 912 peccator,
1240 844 1313 901 unde
1328 846 1458 915 praedicta
1472 846 1621 903 auctoritas
1644 845 1685 902 sie
1706 855 1799 918 potest
1825 862 1882 905 ex·

274 933 385 1007 Liquere
404 945 480 991 notat
496 951 617 992 monere.
641 933 724 991 Notat
745 934 850 1001 rerutm,
871 934 943 990 uncle
966 948 1028 989 cero
1079 934 1168 1003 puni:
1190 933 1280 991 Nolite
1301 935 1599 1004 turrecrematae,
1615 937 1699 994 idest
1717 938 1806 995 nolite
1822 955 1879 996 ros

238 1024 339 1081 dicitur
362 1026 476 1096 liquere.
506 1024 647 1096 Significat
675 1026 848 1092 innotescere,
876 1023 1028 1080 secundum
1080 1022 1169 1080 iacere
1190 1023 1281 1082 locum
1303 1026 1415 1083 diaboli.
1443 1026 1548 1084 Dicitur
1562 1027 1729 1096 idololatria,
1744 1030 1821 1086 unde
1845 1031 1878 1086 io
1974 1011 1975 1078 Ῠ

238 1115 311 1187 qrrud
322 1116 423 1172 dicitur
439 1135 446 1173 :
460 1115 538 1171 istud
552 1115 647 1188 liquet,
664 1117 691 1173 id
706 1130 750 1172 est
762 1116 938 1172 miniterium
952 1123 1005 1172 εει.
1079 1115 1370 1173 Βειιι.;1ιιεεηιειιιηὶη
1381 1119 1565 1174 locolrorrorir
1576 1129 1601 1173 ct
1611 1129 1693 1175 nocte
1704 1119 1875 1177 solitudinis.

274 1206 377 1263 Littera
390 1211 501 1281 proprie
518 1209 615 1266 charta
637 1210 680 1265 rel
694 1209 820 1281 epistula,
834 1208 906 1264 unde
930 1207 1029 1278 legitur
1080 1204 1187 1262 Dicitur
1199 1208 1280 1262 ctiam
1292 1209 1401 1277 ragina,
1413 1207 1486 1264 unde
1498 1207 1633 1264 Dominus
1641 1207 1676 1263 ad
1682 1206 1793 1264 Petrum
1807 1210 1849 1266 ait
1864 1228 1874 1265 a

238 1299 266 1354 in
284 1298 331 1354 lib.
347 1298 414 1371 ling.
431 1300 503 1370 quod
518 1298 598 1356 Urias
619 1300 681 1356 tulit
705 1314 798 1355 secum
814 1299 918 1353 litteras
932 1297 1029 1353 mortis
1080 1294 1206 1352 Corrocrte
1223 1297 1383 1366 gladiumin
1400 1297 1486 1352 iocum
1499 1314 1586 1352 coum.

240 1405 308 1446 suaa.
325 1388 432 1446 Dicitur
446 1390 572 1459 historia,
584 1389 736 1446 secundum
755 1387 829 1459 quod
844 1386 917 1443 soliti
931 1401 1029 1442 sumus
1115 1386 1240 1454 locuste,
1255 1389 1373 1458 proprie.
1382 1387 1486 1445 Dicitur
1499 1404 1568 1444 rana
1580 1389 1666 1462 gloria
1673 1390 1715 1446 rel
1729 1390 1874 1461 superbia,

238 1482 328 1538 dicere
341 1501 348 1537 z
362 1481 440 1537 istud
451 1485 592 1553 reponitur
604 1483 640 1538 od
654 1483 782 1546 litterum,
794 1480 823 1535 id
838 1478 1027 1535 estbistorice.
1079 1478 1152 1535 unde
1162 1481 1294 1552 propbeta
1310 1498 1317 1534 ι
1331 1480 1474 1536 liecidnurn
1490 1482 1581 1536 iruebi
1600 1482 1715 1537 comedit
1742 1481 1873 1549 incurro,-

238 1572 474 1629 Diciturlitteralis
488 1574 677 1646 intelligentia,
693 1572 766 1627 unte
783 1570 931 1642 Apostolus
948 1566 1028 1631 :Lit-
1078 1570 1873 1644 perbmcbumsignilieaturlrrauria3quia,sioutbrucbus,
1974 1553 1975 1576 ¹

238 1670 296 1717 tera
309 1663 418 1731 occidit,
430 1665 541 1735 spiritur
558 1674 647 1740 cutem
660 1664 786 1733 vivificat.
1043 1645 1065 1701 Β
1078 1661 1125 1732 qui
1139 1671 1182 1718 εει
1193 1661 1264 1719 setus
1275 1663 1398 1731 locustae,
1422 1672 1503 1720 tcrrae
1512 1663 1634 1721 insidens
1650 1673 1735 1721 totam
1753 1667 1873 1723 berham

273 1752 373 1820 biaere,
382 1757 502 1827 proprie,
510 1757 636 1823 innidere,
648 1756 719 1810 unde
729 1762 756 1810 et
769 1753 838 1808 liuor
846 1750 913 1823 (tt).
923 1750 1029 1807 Dicitur
1077 1754 1208 1818 corrodit,
1223 1754 1264 1811 sic
1278 1755 1385 1810 luxuria
1398 1764 1484 1812 totum
1496 1756 1632 1816 bominem
1643 1759 1808 1829 corrumpit;
1821 1773 1874 1829 per

238 1847 321 1901 etiam
338 1850 449 1921 proprie
473 1850 617 1920 inspirare,
629 1846 703 1903 unde
717 1845 803 1901 Darid
817 1845 950 1900 :Audiam
964 1842 1030 1913 quid
1078 1846 1223 1912 locustam,
1238 1863 1300 1917 qrre
1325 1847 1407 1903 lrabet
1426 1847 1573 1905 deciduum
1585 1850 1720 1918 rolatum,
1733 1851 1873 1921 liguratur

238 1947 365 2017 loquutur
387 1943 415 1996 in
435 1957 477 1996 rne
492 1939 623 1995 Dominus
645 1938 727 2003 Deua,
754 1938 781 1992 il
795 1944 838 1992 εει
850 1932 1029 2006 intelligentia
1079 1940 1207 2011 snperbia
1230 1940 1273 1996 nel
1289 1956 1358 1996 rnna
1373 1942 1472 2013 gloria,
1488 1957 1550 2014 qnae
1566 1944 1622 2000 0510
1634 1944 1746 2001 decidit,
1760 1945 1870 2002 {licitur

143 2026 148 2033 ’
237 2032 305 2105 quid
324 2029 394 2086 mibi
423 2029 549 2099 inspiret.
565 2027 648 2083 Notat
667 2042 803 2098 geneture,
832 2024 1027 2081 undeDarid:
1079 2030 1234 2097 hiereneus,
1247 2032 1319 2087 unde
1334 2033 1361 2087 in
1377 2033 1665 2103 mememoratur
1681 2046 1720 2091 αι
1734 2036 1775 2092 301
1786 2045 1872 2092 erm

238 2120 323 2177 Semel
338 2121 443 2174 locutus
454 2129 493 2174 ert
511 2118 590 2187 Deus,
607 2118 633 2174 id
657 2125 700 2174 εει
733 2117 900 2172 mtcrrtuliter
933 2115 1029 2188 genuit
1078 2121 1110 2176 de
1121 2121 1193 2191 [rimo
1207 2122 1291 2191 putei,
1303 2132 1328 2176 et
1348 2117 1468 2179 coierunt
1480 2123 1591 2182 locuste
1610 2127 1642 2181 dc
1663 2126 1736 2196 sunto
1748 2129 1821 2198 putei
1842 2140 1871 2186 et
1974 2189 1975 2194 ,

237 2211 350 2269 Filium·
368 2209 450 2266 Notat
474 2225 605 2276 tutem,
622 2209 695 2265 11111111
717 2207 823 2264 11111111
839 2206 892 2273 Qui
910 2206 1030 2278 loquitur
1079 2215 1226 2270 occiduunt
1245 2214 1274 2268 in
1288 2224 1396 2270 terrum.
1412 2215 1517 2273 Sensus
1531 2228 1574 2274 cst
1596 2235 1605 2274 a
1628 2218 1681 2276 Per
1694 2222 1871 2290 predicatio·
1974 2231 1975 2242 ¹

237 2303 370 2371 iustitium
394 2310 421 2356 et
442 2309 626 2371 propugnator
649 2307 689 2354 cat
706 2298 741 2353 od
760 2298 928 2354 tuirandum.
946 2295 1030 2352 Notnt
1078 2318 1140 2358 nem
1159 2304 1348 2361 tieretieomm
1361 2307 1586 2363 obtenebrabitur
1600 2309 1665 2365 ides
1684 2310 1798 2380 tibristi,
1817 2314 1869 2383 qui
1974 2293 1975 2338 ³

237 2395 422 2464 manifestare,
439 2391 512 2446 unde
532 2390 619 2446 David
637 2407 645 2446 z
661 2389 736 2445 Tunc
759 2390 881 2462 intuetur
892 2390 981 2443 1111101
1000 2389 1029 2444 in
1078 2410 1127 2465 per
1141 2396 1226 2452 solem
1241 2396 1431 2467 significatum
1451 2413 1501 2468 per
1514 2406 1625 2467 puteum
1637 2399 1795 2472 intelligitur
1806 2402 1869 2457 dia·
1974 2439 1975 2450 .

237 2487 351 2552 ircano,
376 2484 404 2540 id
426 2492 470 2540 εει
489 2491 556 2539 tune
580 2481 768 2539 manilcstabit
784 2484 826 2539 eis
845 2469 1027 2539 iram'suam.
1077 2487 1157 2543 bolus
1177 2488 1212 2544 ile
1229 2488 1309 2560 cujus
1328 2488 1414 2557 tumn,
1430 2489 1456 2545 id
1476 2488 1565 2546 eserie
1579 2491 1754 2561 cujuspiam
1769 2509 1868 2565 sugge-
1974 2491 1975 2494 ’

237 2576 320 2633 Notat
334 2578 461 2648 cogitare,
479 2573 592 2632 undciu
608 2572 742 2632 Psalmo:
761 2574 815 2641 Qui
831 2573 1029 2647 loquiturreri·
1078 2578 1167 2634 stione
1191 2587 1338 2635 irascentur
1365 2579 1497 2644 lrmrctiei,
1520 2580 1568 2650 qui
1593 2582 1620 2634 in
1635 2584 1726 2638 varias
1747 2583 1866 2640 hereses
1974 2627 1975 2648 ,

238 2676 319 2722 tutent
330 2668 357 2720 in
375 2667 454 2722 corde
468 2682 527 2721 ruo.
1078 2679 1188 2741 propter
1199 2672 1348 2742 appetitum
1363 2673 1553 2743 temporalium
1566 2681 1594 2729 ει
1607 2674 1698 2732 inanis
1712 2675 1806 2747 gloriae
1817 2676 1867 2732 de·
1974 2677 1975 2696 ²

273 2758 363 2826 Liror,
382 2759 501 2828 proprie,
520 2757 637 2825 inuidia3
657 2757 730 2813 unde
742 2755 885 2813 Lucanus:
1078 2762 1182 2818 nitunt.

368 2849 450 2905 Liuor
464 2849 535 2906 mon
551 2849 599 2903 tili
613 2859 708 2904 cuncto
718 2857 805 2921 mgot.
1113 2851 1230 2923 Mancia
1252 2855 1362 2923 proprie
1385 2854 1497 2924 idioma,
1511 2856 1584 2912 unde
1596 2856 1703 2915 Dauid:
1725 2858 1782 2914 Non
1802 2867 1866 2913 curt

238 2950 344 3007 Dicitur
370 2951 471 3007 liuidus
497 2952 575 3009 color
587 2951 636 3023 uui
655 2952 779 3009 nascitur
794 2952 820 3007 in
841 2961 904 3008 cute
921 2965 1062 3037 exter-c
1078 2946 1189 3017 loquele
1203 2962 1283 3018 neque
1307 2962 1449 3003 sermonen
1473 2947 1580 3005 Dicitur
1593 2951 1677 3007 eninm
1702 2953 1798 3008 moins
1822 2953 1866 3006 tn.

238 3044 311 3111 bere,
336 3044 408 3099 umle
433 3044 461 3098 iu
477 3042 546 3099 Gen.
564 3044 602 3099 ait
613 3042 732 3100 Lameelr
749 3058 756 3096 ε
775 3042 869 3099 Occidi
892 3047 980 3098 uirum
997 3042 1026 3097 in
1078 3040 1191 3111 quendi,
1206 3040 1279 3095 unde
1297 3039 1327 3095 in
1351 3039 1501 3112 Evangelio
1519 3058 1526 3097 :
1542 3041 1614 3097 Nom
1638 3053 1664 3096 et
1689 3043 1791 3114 loquela
1811 3053 1864 3098 tuat

236 3136 332 3191 cultius
348 3151 445 3201 mcum,
467 3147 493 3192 et
506 3136 697 3191 adolescentem
711 3137 739 3189 in
750 3134 873 3200 liuorern,·
894 3133 1028 3189 inducunt
1078 3133 1248 3205 murrisectum
1260 3142 1286 3187 te
1299 3133 1377 3202 fucit,
1393 3133 1420 3189 id
1434 3142 1477 3191 εει
1491 3134 1588 3190 modus
1604 3136 1740 3204 loquendi.

235 3226 323 3285 iudei
341 3228 414 3300 quod
434 3226 564 3296 Lamech,
586 3244 649 3285 cum
661 3243 751 3285 cecus
770 3236 852 3290 esset,
868 3228 1029 3283 intendebat
1112 3223 1208 3279 dorico
1230 3224 1340 3295 prtrprie
1352 3225 1592 3292 diciturmunitio,
1609 3223 1680 3282 untlc
1701 3226 1729 3281 iu
1745 3224 1863 3297 Apoez

236 3320 374 3376 cenationi
385 3335 448 3375 cum
459 3320 606 3375 duceretur
620 3321 656 3374 ab
665 3319 851 3385 adolescente3
867 3319 1027 3373 adulescens
1077 3317 1112 3374 Et
1122 3317 1176 3371 niti
1187 3333 1265 3388 equor
1277 3317 1303 3371 in
1317 3319 1425 3384 cirione,
1437 3326 1462 3373 et
1478 3317 1522 3392 qui
1532 3317 1656 3372 edebant
1669 3334 1747 3388 cuper
1758 3334 1803 3372 eoi
1812 3319 1865 3373 bu-

236 3407 918 3480 Cainlatenteminiratecto[ridens],crediditessc
927 3404 1023 3474 serane
1078 3410 1172 3465 lebant
1185 3410 1284 3463 ioricoc
1303 3411 1412 3480 igneum·
1424 3411 1563 3466 rlaeruonco
1576 3410 1649 3471 carim
1659 3410 1864 3480 pertribulatio·

236 3501 271 3558 ad
284 3503 364 3573 cujus
373 3502 584 3557 insinuationem
592 3501 709 3555 bumecb
721 3501 832 3554 mittens
844 3500 970 3572 sagittam
984 3499 1027 3554 in·
1077 3514 1126 3554 ucs
1141 3513 1211 3568 quas
1225 3499 1376 3554 intulerunt
1395 3499 1509 3568 sanctis,
1524 3515 1572 3570 per
1586 3500 1744 3556 idololatras
1757 3501 1863 3556 munie-

236 3589 342 3646 tcriecit
358 3589 437 3655 Cain,
450 3589 522 3658 qrrod
537 3603 700 3659 agnoscens,
717 3590 758 3642 ira
772 3599 874 3655 mutus,
893 3589 1027 3644 instanter
1077 3596 1179 3644 runtsc
1191 3589 1400 3645 contraiirlcles.
1417 3587 1647 3661 Diciturjmtirta,
1658 3589 1732 3646 unde
1743 3589 1861 3646 Petrus:

236 3681 372 3752 percussit
384 3680 513 3750 juvenum
529 3679 603 3751 quod
617 3695 680 3735 cum
694 3678 839 3735 interiecit.
855 3678 889 3734 Et
906 3680 959 3735 boe
984 3689 1027 3735 εει
1077 3680 1153 3738 State
1165 3698 1226 3754 erpo
1238 3681 1366 3736 succincti
1382 3680 1483 3735 lentior
1502 3692 1528 3736 et
1542 3683 1630 3736 induti
1643 3681 1726 3738 loricu
1736 3684 1860 3753 iustitiae.

236 3772 309 3845 quod
336 3772 530 3829 dieitroccidi
545 3772 641 3827 uirum.
662 3769 768 3827 Dicitur
792 3772 885 3843 passio
911 3769 1025 3840 Christi,
1111 3771 1513 3843 Lotus,pr·uprie,sacratncuto
1528 3772 1862 3843 baptismiablutusmrndc

236 3867 309 3922 unde
321 3866 426 3922 isaias:
444 3865 528 3932 entur
546 3865 628 3920 liuore
646 3865 735 3919 turruti
748 3880 848 3919 sumus.
1076 3864 1104 3920 lo
1115 3864 1281 3935 Evangelio:
1297 3862 1350 3929 Qui
1360 3863 1431 3919 lotus
1444 3873 1493 3931 ert,
1506 3865 1674 3937 norrirrdiget.
1689 3866 1793 3921 Dicitur
1807 3867 1861 3923 iru-

271 3957 368 4023 Locur,
381 3958 499 4028 proprie,
513 3956 644 4023 mundus,
658 3955 706 4026 qui
724 3955 825 4011 Dicitur
840 3954 916 4010 iocus
938 3953 1026 4009 malo·
1076 3954 1149 4013 utilis
1162 3954 1204 4012 vei
1216 3970 1265 4025 pro
1275 3956 1434 4010 coelcstibus
1448 3966 1640 4026 compunctus,
1650 3957 1735 4013 unde:
1749 3955 1779 4012 Si
1791 3957 1860 4013 lotus

236 4065 309 4116 rum,
336 4051 400 4120 quia
422 4051 450 4104 in
465 4064 498 4104 eu
512 4048 683 4104 delcetantur
699 4046 776 4113 mali,
800 4045 872 4101 unde
886 4046 920 4100 de
941 4043 1026 4115 impio
1076 4044 1858 4119 [uerougoicoicir.lloesuperiusinrtpuoexpesitumest.

236 4141 337 4197 dicitur
356 4140 384 4196 iu
402 4138 511 4195 Psalmo
527 4155 535 4192 ι
554 4136 589 4192 Et
608 4153 660 4191 nun
673 4145 712 4191 eat
724 4137 844 4191 inuentus
857 4134 931 4190 locut
949 4134 1026 4206 ejos5
1112 4137 1221 4204 Lucere,
1241 4153 1363 4208 proprie,
1380 4139 1474 4207 offerre
1491 4138 1535 4194 rel
1548 4148 1725 4208 proselitum
1747 4142 1819 4194 uode
1832 4141 1858 4195 in

237 4233 312 4305 quia,
338 4232 410 4287 sicut
434 4231 509 4302 impii
536 4231 564 4285 in
587 4229 680 4284 futuru
703 4228 917 4294 damnabuntur,
939 4228 976 4283 ita
998 4237 1026 4283 ει
1077 4230 1225 4301 Evangelio
1244 4229 1300 4286 :Et
1323 4230 1371 4285 luc
1388 4231 1417 4284 iu
1440 4229 1551 4285 tenebris
1579 4230 1671 4296 lucet,
1698 4241 1723 4285 et
1749 4232 1858 4287 tenebre

237 4326 357 4381 mundns
381 4324 553 4380 dissolvetur.
570 4321 673 4378 Dicitur
686 4330 808 4388 sanetus,
824 4319 896 4376 uude
911 4318 996 4375 Dauid
1017 4338 1025 4375 r
1042 4315 1136 4378 Deum
1153 4340 1206 4379 non
1225 4323 1493 4393 comprehenderunt:
1516 4337 1615 4378 sensus
1625 4330 1668 4377 εει
1683 4320 1799 4378 :Divina
1816 4339 1860 4379 sa·

238 4412 308 4469 Deru
323 4415 351 4468 in
368 4413 426 4468 ioco
442 4422 535 4468 coarcto
552 4429 613 4479 ruo,
626 4412 692 4487 quia
703 4411 795 4468 anima
812 4411 879 4483 justi
894 4426 943 4482 per
960 4425 1025 4482 gra·
1077 4416 1178 4485 pientia
1188 4413 1445 4484 scoiicrtomnibus,
1462 4426 1517 4471 tam
1528 4414 1607 4469 bonis
1625 4429 1709 4484 quam
1718 4415 1858 4481 malis,sed

238 4508 305 4564 tiam
318 4506 503 4564 diciturlocus
513 4507 573 4565 Dei.
586 4505 691 4563 Dicitur
703 4521 783 4562 sacra
791 4504 942 4575 Scriptura,
955 4504 1027 4559 uude
1077 4505 1218 4572 tenebrae,
1240 4506 1265 4561 id
1280 4516 1323 4560 eat
1335 4506 1410 4572 rurali,
1426 4504 1547 4560 interiori
1567 4505 1628 4560 luce
1641 4505 1752 4575 privati,
1767 4505 1853 4561 lucem

237 4601 267 4656 in
277 4599 335 4654 toro
346 4615 452 4669 percae
462 4600 618 4671 ,·elegaoter
628 4599 729 4655 dicitur
742 4598 946 4668 loeuspascuaa,
961 4595 1025 4665 utria
1076 4599 1197 4655 diuinam
1208 4613 1262 4652 nou
1278 4597 1531 4667 comprehendam
1548 4596 1620 4651 sicut
1634 4595 1677 4652 sol
1689 4598 1781 4652 radius
1794 4611 1858 4651 suos

237 4706 291 4748 uos
308 4690 486 4762 spiritualiter
500 4691 595 4762 pascit.
621 4689 727 4746 Dicitur
743 4688 875 4754 Ecclesia,
889 4688 959 4742 rrnrlc
972 4685 1026 4742 Du-
1077 4690 1155 4745 offert
1170 4698 1225 4744 tarn
1243 4689 1344 4744 ridenti
1361 4703 1444 4758 quam
1460 4700 1532 4743 cacco
1547 4705 1554 4741 ε
1569 4686 1665 4742 ridens
1678 4685 1857 4756 comprehen-

238 4782 282 4841 rid
300 4799 308 4839 t
329 4780 363 4837 In
374 4781 432 4836 loco
443 4779 488 4834 uiti
501 4789 629 4835 steterunt
649 4781 727 4851 pedet
738 4780 815 4850 cium·
831 4780 877 4834 lric
891 4779 968 4836 loeus
982 4780 1026 4836 di·
1077 4783 1116 4839 dit
1132 4781 1234 4850 radios,
1248 4783 1296 4838 sed
1313 4797 1403 4838 uaecus
1415 4795 1481 4835 nou.

236 4876 309 4934 citur
335 4873 467 4941 Ecclesia,
494 4874 521 4929 io
539 4890 594 4943 uuo
609 4873 693 4944 pedes
718 4873 789 4943 eius,
807 4872 833 4927 id
854 4874 1025 4942 emeliniam,
1107 4868 1239 4933 brrcerno,
1255 4869 1376 4939 proprie.
1391 4865 1496 4922 Dicitur
1507 4864 1648 4920 animarel
1659 4863 1731 4926 vita'3
1746 4864 1817 4920 unde
1830 4863 1858 4920 in

238 4978 322 5027 stant.
337 4966 389 5024 Pes
405 4978 446 5023 est
461 4964 576 5021 inleriur
594 4980 662 5037 pars
676 4966 813 5030 animalis,
834 4974 863 5021 et
882 4981 930 5036 per
942 4970 1025 5037 pedus
1077 4961 1124 5017 lib.
1145 4960 1311 5032 Sapientiae:
1329 4958 1388 5016 buc
1411 4967 1565 5013 cunctorum
1586 4956 1723 5026 tetipcott
1753 4955 1857 5010 1111111111

237 5055 340 5111 Christi
352 5053 540 5127 intelliguntur
554 5054 641 5110 sancti
653 5055 701 5126 qrri
716 5054 830 5110 inbono
847 5070 1024 5126 perseueran-
1075 5065 1163 5111 cutem
1175 5055 1318 5125 impiorum
1331 5054 1524 5124 exstinguetur.
1541 5049 1647 5105 Dicitur
1670 5048 1790 5105 loannes
1809 5047 1857 5102 Da·

233 5153 280 5199 tes
295 5158 382 5214 usquo
403 5144 438 5199 ad
459 5144 542 5201 linem
562 5153 627 5201 sunt
651 5144 679 5200 in
704 5143 825 5202 Ecclesia
840 5145 899 5202 Dei.
917 5146 1023 5203 Dicitur
1074 5145 1250 5217 ptisto,rmdc
1273 5145 1301 5200 in
1327 5141 1436 5198 Psalmo
1458 5160 1466 5196 ι
1484 5140 1583 5196 Parnoi
1605 5141 1740 5195 tircernarn
1755 5138 1856 5195 cirino

235 5233 376 5299 cbristus,
395 5234 507 5290 undcin
520 5235 648 5306 predicte
671 5237 843 5303 auctoritate,
859 5251 906 5306 per
931 5237 1048 5292 locum·
1075 5255 1143 5293 nreu.
1168 5236 1303 5294 Dicuntur
1323 5235 1453 5307 primitivi
1479 5235 1571 5292 ildelcs
1592 5234 1626 5291 de
1650 5232 1767 5298 ludaeis,
1789 5232 1857 5288 undu

237 5325 453 5398 putcstinteliigi
465 5324 604 5392 Christus,
618 5326 646 5380 in
659 5341 715 5396 qrro
729 5341 779 5397 per
795 5327 876 5382 iidem
890 5335 918 5382 ει
932 5327 1025 5383 citari·
1075 5327 1627 5396 Dauid:Quoniomiiluminualucernum,
1657 5324 1768 5379 Domine
1790 5322 1857 5378 un·

235 5426 322 5474 tatem
341 5428 405 5476 aunt
423 5420 507 5492 pedes
520 5418 590 5490 elus,
608 5417 634 5473 id
653 5430 696 5475 est
712 5418 850 5476 Ecclesiae.
866 5416 953 5476 Pedes
969 5419 1023 5478 lle-
1076 5438 1171 5489 meur,
1207 5420 1333 5477 iltunrino
1369 5418 1488 5476 tenebret
1527 5433 1616 5484 crucan
1652 5424 1713 5473 orat
1738 5413 1856 5471 Ecclesia

242 5528 415 5668 vuffingas
422 5543 582 5672 ,εὲἓξὲιιιὲιυτ
604 5543 729 5606 spectant
747 5534 906 5591 adverbum
925 5534 1020 5606 logni,
1035 5537 1108 5607 quod
1134 5538 1227 5608 reipsa
1249 5550 1300 5593 suu
1323 5536 1384 5593 loco
1399 5533 1474 5593 deest
1488 5534 1570 5601 inira,
1588 5541 1616 5588 ct
1630 5529 1786 5603 reponenda
1797 5535 1857 5585 surrt
