3992 6042
69 291 78 308 ·
99 268 156 326 ⁸77
404 259 406 263 ’
497 265 755 325 DlS'llNC'ilDNES
773 262 961 326 oleatoctttu
980 262 1105 320 tason.
1124 294 1159 305 -
1177 259 1249 319 NUD
1260 259 1326 318 DDE
1657 258 1710 315 sit

94 380 162 440 cris.
175 379 281 438 Dicitur
290 375 377 453 gratia
387 377 504 449 Spiritus
517 379 615 446 saneti,
630 379 703 436 unde
715 380 749 436 dc
760 380 880 452 antiquis
894 381 917 440 Α
930 377 1003 434 trude
1016 376 1100 433 Dauid
1116 396 1124 434 e
1141 374 1328 446 llnltnplinntoe
1340 384 1402 428 sunt
1416 389 1494 445 snper
1511 389 1668 441 nnmerum,
1684 375 1711 430 id

93 470 221 543 patribus
235 471 274 526 ait
286 469 432 541 Apostolus
446 487 453 524 ε
468 468 503 523 Et
515 468 646 540 baptizoti
658 480 721 525 sunt
735 471 762 524 in
776 472 842 524 nube
853 477 881 525 et
931 481 973 526 est
988 469 1159 542 multiplicati
1170 478 1235 542 sunt
1245 469 1272 524 in
1285 478 1407 538 peccato,
1418 467 1489 538 quod
1500 467 1574 522 omni
1585 467 1712 526 earetdi·

95 566 176 632 mori,
189 565 216 621 id
226 575 268 621 est
278 564 306 620 in
319 563 454 635 baptismo
465 565 638 635 pergratiam
650 565 769 635 Spiritus
780 565 879 621 sancti.
930 564 1042 637 gnitate.
1062 563 1167 618 Dicitur
1180 561 1235 616 rita
1250 569 1371 627 aterna,
1392 560 1464 615 uode
1480 558 1586 615 David:
1605 558 1640 614 lit
1660 576 1711 615 nn-

94 657 202 715 Dieitur
215 658 337 729 angelus,
351 657 424 712 unde
441 659 592 728 propbeta:
618 657 727 725 liotore,
742 657 811 722 celi,
836 657 882 712 de·
931 671 1031 710 merum
1045 655 1147 709 dierum
1162 668 1289 719 meorum,
1304 660 1370 719 etc,
1385 653 1431 708 bic
1445 662 1488 709 est
1508 667 1639 709 nurnerus
1652 655 1711 709 sine

94 765 175 820 snper
187 757 213 803 et
227 749 306 804 nubes
322 747 416 819 pluunt
429 747 556 818 justum,
575 748 656 804 inest
669 748 757 818 angeli
771 763 880 803 annun·
930 759 1066 811 numero,
1085 745 1132 816 qui
1146 759 1277 800 numerus
1290 753 1406 800 estsere
1427 743 1491 815 qnia
1515 758 1570 798 uon
1592 742 1709 812 transil3

95 840 166 895 tient
188 838 292 896 Christi
315 838 475 894 adrentum.
498 838 602 893 Dicitur
626 839 726 909 aliquis
749 839 879 905 mobilis,
931 853 1062 893 nurnerus
1074 851 1139 891 nero
1154 835 1260 890 «lictum
1279 835 1326 905 qni
1341 835 1422 890 modo
1442 843 1507 890 sunt
1527 843 1635 891 nonest
1648 850 1712 891 vere

95 930 171 987 unde
190 928 319 985 Salomon
335 947 343 984 ι
359 927 412 995 Qui
429 932 548 984 obserant
568 939 672 983 centurn
690 945 740 983 non
756 931 880 992 seminat,
931 927 1226 995 transilienti,babeuti
1239 936 1329 982 autem
1343 941 1404 982 esse
1417 925 1534 983 ridetur.

94 1033 124 1077 et
138 1023 183 1094 qni
196 1021 347 1076 considerat
361 1027 440 1075 nubes
455 1038 507 1076 non
521 1031 615 1085 ntetet,⁸
630 1021 675 1078 bic
689 1031 816 1092 peccator
830 1038 881 1077 uu·
967 1019 1047 1074 Nunc
1060 1018 1196 1090 significat
1207 1025 1323 1087 tempus,
1337 1017 1409 1072 uude
1423 1015 1493 1072 dixit
1502 1016 1599 1075 l'etrus
1614 1039 1621 1074 ι
1634 1020 1713 1076 Nuus

94 1113 146 1168 Des
159 1112 259 1167 dicitur
271 1125 352 1182 quem
365 1111 491 1166 diabolus
506 1111 560 1166 buc
572 1110 691 1181 illucque
702 1110 816 1180 impellit
825 1119 882 1166 ten·
930 1113 985 1167 reio
996 1127 1054 1166 nere
1064 1110 1128 1181 quio
1142 1109 1225 1177 nisit,
1242 1118 1295 1164 etc.
1315 1106 1469 1179 Aliquando
1484 1109 1620 1181 significat
1633 1124 1713 1167 ater·

97 1202 249 1258 tationibus
265 1202 358 1257 variis.
378 1200 431 1267 Qui
442 1214 508 1269 ergo
522 1199 642 1256 obserant
656 1210 759 1256 centnm
774 1217 826 1256 lton
840 1217 882 1256 te·
930 1203 1065 1270 nitatem,
1090 1202 1161 1256 unde
1184 1216 1247 1256 cum
1272 1200 1393 1256 dicitnr:
1410 1200 1479 1255 Deus
1499 1218 1567 1256 nune
1588 1212 1637 1257 est.
1657 1204 1712 1258 Ali·
1807 1207 1811 1210 ’

96 1294 193 1361 minat,
208 1303 234 1349 et
247 1294 293 1364 qni
304 1293 454 1348 considerat
469 1292 548 1346 areles
564 1308 696 1364 antiquum
708 1302 802 1358 metet,
816 1293 880 1364 quia
930 1296 1040 1367 quando
1062 1301 1138 1351 notat
1158 1293 1267 1365 lernpus
1280 1294 1394 1365 gratie,
1420 1295 1493 1350 uude
1506 1293 1590 1350 David
1607 1314 1613 1350 :
1633 1294 1714 1351 Necte

95 1383 180 1454 isqui
193 1384 355 1440 tentationes
366 1383 476 1455 maligni
496 1383 610 1454 spiritus
622 1393 746 1439 metuens
758 1391 785 1438 ct
803 1383 881 1438 mali·
930 1403 1087 1458 eesnrqnm,
1102 1387 1169 1442 dicit
1181 1386 1329 1458 Dominus,·
1342 1394 1370 1442 et
1382 1387 1447 1442 alibi
1463 1404 1470 1441 ε
1485 1386 1553 1442 Ecce
1566 1403 1634 1442 nnnc
1648 1398 1714 1443 tent-

97 1476 166 1531 tiam
190 1475 348 1546 iniquorum
364 1474 536 1545 conspiciens
549 1475 582 1530 de
597 1491 626 1531 se
643 1473 778 1545 desperat,
792 1462 880 1545 neque
929 1495 978 1549 pas
992 1477 1162 1549 acceptabile,
1175 1493 1233 1533 ecce
1242 1494 1311 1532 nnnc
1325 1477 1382 1532 dier
1394 1478 1500 1534 solutis.

96 1584 173 1640 rrpue
196 1577 338 1623 exercetur
357 1567 384 1621 in
406 1567 469 1623 boni
483 1568 573 1637 operis
589 1567 703 1634 semine,
717 1582 807 1639 neque
819 1579 881 1638 post
965 1569 1086 1641 Nuptis,
1103 1570 1222 1641 proprie,
1237 1569 1309 1625 unde
1323 1570 1352 1624 iu
1364 1568 1511 1641 Evangelio
1526 1586 1533 1622 z
1549 1569 1658 1641 Nuptiae
1670 1573 1714 1642 io·

96 1660 237 1715 reueletur
248 1660 329 1730 justa
340 1660 530 1716 retributionis
546 1676 668 1716 munere.
691 1658 796 1717 Dicitur
812 1661 879 1717 soli·
929 1672 979 1720 ete
994 1673 1056 1718 sunt
1070 1664 1098 1717 in
1111 1660 1186 1717 Cano
1199 1660 1330 1716 Galilaea.
1344 1659 1448 1716 Dicitur
1459 1661 1526 1715 unio
1538 1663 1655 1718 duarum
1668 1678 1714 1719 ua·

96 1751 171 1807 ditas
186 1751 295 1819 mentis,
308 1750 380 1807 unde
391 1750 443 1807 lob
456 1769 463 1807 :
478 1750 572 1807 Subito
584 1769 630 1808 uer
641 1752 778 1824 colligitur
788 1754 817 1807 in
829 1771 880 1808 nu·
894 1733 915 1788 ¹3
929 1762 1073 1819 turanum,
1096 1750 1167 1806 unde
1187 1749 1214 1804 in
1237 1747 1383 1820 Evangelio
1402 1766 1411 1804 z
1435 1747 1529 1804 Simile
1547 1759 1587 1803 est
1605 1765 1713 1821 regnunt

96 1849 153 1902 bes.
177 1848 232 1903 der
252 1847 342 1903 tenuis
362 1847 505 1916 solidatur,
523 1863 571 1919 per
585 1863 674 1904 aerem
686 1864 752 1919 ergo
764 1848 879 1904 saecula·
928 1843 1053 1898 eoelornm
1067 1839 1168 1894 bomini
1182 1840 1237 1911 regi
1248 1840 1292 1909 qni
1306 1839 1368 1909 lecit
1378 1841 1487 1909 nuptias
1498 1840 1555 1911 filio
1567 1858 1624 1897 sno.
1638 1843 1711 1899 Dici·

96 1939 170 1993 rium
185 1946 290 1994 mentes
302 1938 492 2009 designantur,
514 1954 563 2009 per
581 1941 680 1995 nubem
696 1939 796 1995 mentis
811 1939 879 1994 soli·
929 1943 975 1990 tur
991 1932 1058 1989 unio
1075 1931 1180 1987 Christi
1195 1941 1222 1987 et
1235 1929 1365 1987 Ecclesia
1379 1932 1407 1986 in
1420 1941 1522 1988 aeterna
1534 1933 1713 2002 beatitudine,

95 2029 170 2086 ditas
180 2029 323 2100 figuratur.
336 2028 442 2085 Dicitur
452 2031 599 2099 temporale
608 2031 720 2099 bonum,
730 2028 878 2086 undelob:
929 2022 1074 2099 quando'ei
1088 2021 1262 2077 ineffabiliter
1272 2020 1394 2078 Ecclesia
1405 2024 1516 2079 unietur
1527 2039 1576 2095 per
1585 2026 1727 2096 gloriam,

103 2117 181 2174 Velut
204 2119 285 2174 tuales
307 2119 460 2189 pertransiit
484 2118 558 2173 sulus
580 2135 657 2184 nten,·
682 2119 768 2176 nubes
783 2120 810 2175 in
825 2121 879 2176 abo
928 2127 957 2175 et
979 2114 1184 2189 quodammodo
1208 2113 1397 2182 deilicabitur;
1423 2114 1494 2171 unde
1515 2116 1544 2171 in
1567 2116 1714 2190 Evangelio

98 2210 210 2277 eminet,
223 2210 270 2266 sed
282 2211 317 2266 ad
331 2226 442 2266 cursum
457 2210 537 2266 Datus
548 2210 707 2282 impellitur,
721 2209 761 2266 sie
776 2219 880 2284 tempo·
929 2208 1047 2280 legitur:
1066 2207 1101 2262 Et
1114 2223 1172 2278 qne
1185 2215 1287 2277 pnrntoe
1300 2214 1376 2261 erunt
1388 2207 1555 2262 intrauerunt
1567 2224 1626 2263 cntn
1636 2226 1666 2264 eo
1677 2212 1714 2265 od

98 2301 158 2356 tale
178 2301 283 2358 bonum
306 2301 393 2372 iniqui
417 2300 537 2357 bominis
554 2301 582 2356 in
601 2301 685 2357 altum
704 2316 753 2373 per
765 2301 879 2358 honoris
929 2302 1047 2372 nuptias.
1064 2299 1167 2356 Dicitur
1184 2297 1354 2355 rationabilis
1365 2298 1432 2354 uuio
1443 2298 1596 2370 aliquarum
1607 2315 1712 2367 rerum,

98 2392 290 2448 celsitudinem
313 2393 381 2465 erigi
406 2393 529 2462 ridetur3
554 2394 602 2450 sed
622 2395 686 2466 quia
710 2395 744 2451 ad
767 2410 878 2452 cursum
929 2395 1002 2451 nude
1014 2392 1113 2465 legitur
1125 2391 1160 2447 de
1185 2391 1286 2461 nuptiis
1300 2389 1662 2465 llercuriietl’bilologiae,
1685 2396 1712 2450 ld

98 2482 162 2539 ritae
174 2483 297 2554 quotidie
309 2485 390 2555 quasi
401 2484 564 2556 quibusdam
577 2485 750 2542 castulitatis
764 2501 821 2543 suae
830 2487 880 2543 lla-
928 2495 970 2542 est
985 2483 1125 2555 sapientia
1138 2491 1164 2539 et
1177 2480 1349 2552 etoquenltae.
1374 2480 1481 2538 Dicitur
1501 2485 1612 2542 carnale
1637 2501 1714 2543 com·
1732 2502 1733 2506 ¹

99 2576 174 2633 tibus
194 2576 354 2647 impellitur,
366 2591 421 2632 non
442 2577 579 2633 ascendet.
603 2574 694 2635 Nubes
710 2578 799 2635 calore
812 2580 879 2636 solis
929 2571 1714 2647 mercium,undelnChronicaEusebiiquodllaetanabus

98 2668 260 2739 dissipatur,
291 2669 335 2725 sic
351 2668 475 2725 districto
498 2676 623 2740 respectu
648 2670 758 2741 superui
778 2671 879 2743 judicis
929 2666 1079 2725 ascendens
1091 2676 1181 2721 torum
1198 2662 1367 2738 Olympiadis
1382 2667 1492 2737 nuptias
1506 2670 1572 2740 egit.

97 2760 178 2833 quasi
190 2759 495 2831 soliscaloresupc'rbia
506 2760 627 2815 damnati
639 2760 667 2815 iu
678 2761 880 2831 inlernolique·
965 2759 1046 2822 Nus,
1062 2759 1180 2830 proprie.
1198 2753 1303 2813 Dicitur
1323 2767 1436 2830 martyr,
1462 2761 1534 2817 unde
1560 2761 1587 2817 in
1608 2762 1712 2823 Cane:

98 2852 156 2920 llet,
169 2861 195 2907 et
209 2852 292 2907 semel
303 2850 372 2908 locis
382 2851 537 2922 poertalibus
548 2850 644 2907 tradita
661 2851 696 2907 ad
715 2851 879 2922 operationis
929 2849 1094 2905 Ducendi...
1109 2864 1217 2903 rtucnrn.
1241 2846 1302 2904 Nux
1318 2847 1371 2904 tria
1384 2847 1466 2906 babet
1476 2850 1503 2905 iu
1516 2867 1565 2909 se:
1581 2864 1712 2926 putamen

98 2959 181 3000 usam
196 2943 265 2999 ultra
278 2958 333 2998 uon
348 2943 457 2999 redibit.
929 2942 1068 3008 exterius,
1082 2948 1181 2997 testam
1198 2950 1226 2996 et
1238 2939 1381 3008 nucleum
1398 2941 1523 2999 similiter
1540 2955 1645 3020 martyr
1660 2949 1711 3006 tria

133 3034 240 3102 Nudus,
254 3034 372 3105 proprie,
384 3050 438 3090 non
452 3035 555 3091 babens
565 3035 719 3107 proprium,
731 3035 803 3091 unde
814 3033 913 3127 dicitC
930 3033 1014 3089 babet
1037 3051 1045 3087 ε
1071 3030 1194 3089 delectus
1214 3033 1306 3088 carnis
1327 3033 1406 3104 quasi
1431 3044 1581 3107 putamen,
1601 3055 1712 3098 carnem

95 3128 247 3183 auctoritas
259 3127 332 3197 quod
347 3128 413 3182 nudi
429 3127 532 3183 nudum
545 3127 684 3184 Christum
697 3126 775 3198 sequi
795 3125 878 3182 debe·
929 3124 1008 3198 quasi
1024 3130 1142 3191 mamm,
1158 3123 1276 3180 animam
1291 3127 1370 3196 quasi
1390 3127 1528 3185 nucleum.
1548 3127 1578 3187 lu
1591 3130 1713 3192 iractnra

97 3234 178 3285 mus;
192 3228 219 3274 et
230 3215 311 3289 Greg'.
327 3217 365 3274 ait
382 3218 457 3290 quod
478 3219 544 3275 nudi
559 3219 691 3275 debemus
704 3218 802 3274 luctari
813 3232 877 3274 cunt
896 3281 899 3287 ¹
929 3229 1021 3275 autom
1038 3217 1118 3303 nucis
1135 3216 1279 3289 projicitur
1301 3227 1452 3290 putamen,
1477 3231 1546 3278 testa
1565 3224 1711 3298 frangitur,

97 3309 218 3367 diabolo.
243 3309 347 3366 Dicitur
368 3311 450 3365 etiam
474 3318 595 3381 apertus,
618 3309 691 3366 uude
710 3308 876 3380 Apostolus:
929 3309 1021 3366 nuclei
1035 3309 1151 3367 dulcedo
1163 3319 1309 3382 gustatur;
1331 3310 1372 3368 sic
1391 3328 1440 3383 per
1455 3314 1616 3386 martyrium
1636 3316 1712 3374 dele-

99 3401 197 3482 Onmin
211 3404 282 3457 nude
295 3413 321 3458 et
334 3412 425 3473 apem
437 3413 510 3457 snat.
928 3410 990 3458 ctus
1003 3401 1132 3458 desinant
1155 3416 1216 3459 esse
1233 3400 1261 3457 iu
1290 3412 1429 3475 martyre,
1460 3420 1525 3462 caro
1547 3408 1626 3478 quasi
1643 3418 1713 3466 testa

134 3490 291 3558 Numerare,
303 3495 421 3562 proprie,
433 3493 612 3563 distingnere,·
624 3495 695 3552 unde
708 3493 790 3551 Dauid
803 3515 810 3550 :
824 3493 877 3562 Qui
928 3493 1131 3565 quodammodo
1156 3492 1300 3565 frangitur,
1323 3504 1350 3551 et
1371 3505 1437 3551 tuoe
1456 3495 1484 3551 iu
1499 3497 1589 3553 anima
1600 3510 1713 3558 sanctus

8 3623 9 3640 .
97 3593 219 3639 numeret
231 3583 426 3639 multitudinem
439 3584 586 3640 stellarum.
607 3584 687 3642 Notat
700 3589 769 3642 seire
783 3629 790 3655 ,
805 3588 877 3642 uude
929 3584 1071 3642 dulcedine
1081 3593 1189 3641 aeternae
1200 3584 1375 3642 beatitudinis
1385 3587 1544 3645 delectatur.
1557 3589 1618 3646 Nur
1629 3591 1712 3649 ctiam

98 3680 127 3733 in
142 3675 289 3747 Evangelio
302 3694 310 3730 ε
325 3674 397 3730 Nom
418 3684 444 3730 et
462 3677 553 3746 capilli
575 3679 670 3748 cupitis
688 3680 766 3733 uestri
788 3695 877 3734 corner
928 3677 998 3733 solet
1009 3676 1062 3732 dici
1074 3674 1211 3743 Christus,
1224 3678 1289 3748 quia
1301 3677 1328 3732 in
1339 3677 1449 3737 Christo
1458 3678 1511 3738 luit
1521 3698 1621 3753 corpus
1631 3686 1712 3754 quasi

8 3789 9 3850 3
99 3769 232 3824 enumerati
247 3779 318 3825 sunt.
927 3782 1055 3844 putamen
1068 3770 1201 3838 exterius,
1212 3769 1302 3825 anima
1311 3754 1618 3853 quasites'ta,diriuitas
1631 3779 1711 3847 quasi

134 3857 268 3914 Numeres
280 3858 427 3929 aliquando
440 3859 556 3916 sumitur
568 3876 618 3932 pro
630 3861 819 3917 numeratione
835 3862 877 3918 tel
927 3865 1051 3920 nucleus.
1062 3861 1188 3930 Quandiu
1209 3856 1336 3918 Glrri'stus
1350 3865 1452 3920 mansit
1463 3865 1491 3921 in
1506 3868 1625 3935 mundo,
1642 3869 1711 3923 diri-

97 3951 273 4024 pluralitate,
295 3952 366 4008 urrde
383 3951 494 4009 Boetius
506 3954 533 4008 in
545 3953 723 4010 arithmetica
735 3954 879 4025 distinguit
927 3956 1000 4012 nitas
1017 3969 1071 4011 non
1087 3952 1214 4025 apparuit
1227 3952 1255 4007 ln
1266 3967 1320 4020 eo,
1343 3954 1390 4009 soti
1406 3955 1433 4010 in
1448 3970 1564 4027 corpore
1583 3970 1712 4030 separato

98 4044 168 4102 inter
191 4060 334 4101 numerum
363 4055 552 4102 numerantem
583 4055 611 4103 et
634 4053 818 4103 numeratum.
844 4045 878 4102 Et
927 4044 962 4100 ab
976 4045 1068 4101 anima
1084 4052 1271 4115 postmortem
1286 4043 1448 4116 quasilacta
1462 4055 1540 4111 testa,
1555 4048 1712 4108 bomoseu·

98 4146 178 4194 necat
197 4153 342 4195 numerum
361 4146 550 4194 numerantem
573 4138 764 4206 iterationem,
781 4155 879 4195 nume.
927 4136 964 4192 sit
976 4137 1147 4193 dulcedinem
1157 4136 1258 4205 nuclei,
1273 4137 1338 4207 quia
1352 4136 1484 4193 liberatus
1497 4153 1546 4209 per
1559 4139 1711 4201 divinitatis

97 4246 159 4289 ram
185 4240 358 4288 numeratum
371 4230 429 4287 reri
444 4231 564 4287 nominis
583 4230 776 4303 pluralitatem.
802 4230 876 4288 Dici·
926 4238 1100 4299 potestatem.

98 4334 144 4381 tur
155 4340 287 4396 numerus
297 4341 388 4381 rerum
400 4324 568 4393 collectione,
584 4324 732 4381 secundum
745 4322 818 4394 quod
831 4337 877 4378 so·
963 4322 1138 4395 Nycticome,
1149 4325 1275 4396 arisque
1285 4324 1318 4382 do
1330 4326 1500 4394 nocteuolat,
1513 4329 1709 4388 undodicitur:

97 4418 135 4474 let
147 4418 201 4474 dici
216 4437 224 4474 t
240 4416 296 4476 Istc
306 4429 345 4472 est
360 4418 392 4474 de
406 4434 513 4472 numero
528 4417 674 4471 bontitnun.
693 4414 796 4470 Dicitur
808 4428 876 4485 pau·
891 4403 916 4464 Ι)
929 4415 1094 4488 Nyctimene
1118 4417 1196 4487 quusi
1211 4432 1302 4471 toruus
1321 4417 1433 4484 anoctis,
1446 4420 1537 4488 nyctui
1546 4460 1554 4480 .
1573 4423 1646 4492 quud
1668 4435 1710 4481 est

97 4510 187 4578 citato,
200 4511 272 4566 unde
283 4508 416 4565 ieremias
429 4527 436 4563 :
451 4507 581 4563 Conttioit
591 4506 626 4561 od
639 4521 777 4564 numerem.
786 4506 876 4560 dentes
928 4526 990 4576 noe,
1003 4518 1029 4565 et
1040 4524 1132 4575 corus,
1144 4509 1217 4580 quod
1232 4516 1274 4564 cst
1286 4525 1387 4565 corone.
1402 4507 1506 4566 Dicitur
1518 4511 1604 4569 lldelis
1616 4515 1711 4572 viteus

97 4617 179 4669 meon,
190 4602 217 4658 id
233 4610 275 4659 est
290 4600 457 4658 conterendo
471 4599 551 4655 duxit
565 4598 598 4654 ad
613 4598 788 4670 paucitatem.
805 4594 877 4652 Dici·
926 4598 1710 4670 lnmedioprataenationis,undeDarid:Factnssumsieat

96 4703 142 4749 tur
154 4694 338 4761 discretione,
357 4692 429 4749 nude
442 4691 507 4762 Sap.
525 4691 678 4763 dicitquod
692 4689 763 4746 Deus
778 4690 876 4745 creauit
927 4695 1081 4764 nycticorae
1091 4695 1118 4748 in
1130 4691 1275 4748 domicilio.
1293 4690 1397 4748 Dicitur
1411 4693 1493 4748 etiam
1510 4678 1646 4760 Christus.
1661 4700 1710 4769 qui

96 4786 186 4838 omnin
199 4786 365 4852 innumero,
380 4785 407 4843 id
419 4793 462 4842 est
473 4786 600 4842 discrete.
626 4782 732 4839 Dicitur
750 4782 874 4850 unitate,
927 4789 1002 4843 uertit
1016 4788 1043 4842 in
1064 4794 1171 4842 noctem
1184 4795 1287 4841 nostra
1308 4783 1425 4841 miseriae
1438 4794 1465 4840 ct
1483 4784 1613 4844 aludaeis
1624 4794 1709 4845 cruci·

97 4878 170 4932 unde
192 4879 232 4933 sie
254 4887 343 4948 potest
360 4879 458 4951 exponi
474 4878 602 4951 predicta
617 4879 765 4936 auctoritas
780 4898 786 4936 :
804 4879 875 4936 Deus
927 4879 999 4935 laus
1017 4888 1069 4944 est,
1093 4878 1140 4949 qui
1160 4877 1289 4933 deberent
1312 4891 1373 4932 esse
1386 4876 1565 4947 domicilium,
1582 4880 1629 4935 sed
1644 4879 1707 4936 lactl

8 5045 9 5054 ἵ
96 4972 195 5028 creauit
212 4973 301 5027 omnin
316 4974 344 5027 in
368 4991 486 5042 numero,
510 4974 596 5033 idest
617 4976 643 5031 in
668 4974 790 5044 unitate,
812 4976 875 5046 quia
927 4976 991 5026 sunt
1001 4968 1144 5040 parietina,
1156 4968 1220 5039 quia
1235 4966 1308 5038 passi
1324 4967 1429 5023 ruinam
1440 4985 1447 5036 ;
1459 4978 1486 5023 ct
1497 4967 1643 5026 secundum
1654 4968 1705 5026 boe

8 5057 9 5086 ³
97 5063 237 5134 quodlibet
248 5063 351 5120 unitate
361 5079 446 5120 uuum
457 5074 518 5134 est;
534 5066 606 5122 unde
617 5064 743 5122 Boetius:
756 5064 826 5132 Quid
837 5075 877 5122 ert
927 5069 1017 5133 potest
1030 5059 1081 5129 legi
1095 5060 1168 5130 quod
1179 5059 1281 5115 dictum
1294 5069 1336 5115 est
1351 5061 1377 5115 in
1392 5059 1519 5116 Psalmo:
1536 5059 1707 5117 Fortassean

8 5231 9 5234 Ἴ
96 5145 303 5229 ideoest,qnin
319 5167 581 5215 unumuumeroest.
607 5157 712 5216 Dicitur
732 5159 875 5230 dignitate,
926 5153 1444 5225 sicutnpeticorncindonticilio,teliu
1458 5152 1609 5224 parietinis.

870 5372 927 5490 l)

131 5591 242 5651 Dledire
255 5593 390 5666 siguiilcat
411 5593 513 5663 aliquid
531 5603 640 5666 propter
664 5596 748 5651 alium
771 5593 871 5661 lacere.
920 5593 1065 5653 >demones
1078 5592 1207 5652 dicuntur
1228 5592 1329 5650 serrire
1344 5589 1410 5656 Deo,
1423 5587 1469 5645 sed
1494 5601 1548 5644 non
1573 5586 1704 5658 obediror

98 5694 127 5744 tat
139 5688 248 5759 quando
266 5687 367 5760 aliquis
386 5688 470 5746 uertit
488 5687 543 5746 Deo
559 5694 668 5760 propter
679 5687 764 5746 mum
777 5709 785 5758 ;
800 5691 873 5748 ande
927 5694 991 5761 quita
1007 5688 1079 5764 qnod
1099 5687 1203 5746 iaciunt
1216 5693 1325 5757 propter
1342 5679 1426 5739 &um
1442 5694 1497 5738 non
1511 5678 1634 5750 iaciunt,
1648 5678 1705 5738 imo
1771 5749 1775 5755 ¹
