3992 6042
146 186 200 243 Μ
540 179 806 240 utsttttcmottes
825 176 1017 235 btcttoabtt
1037 176 1163 234 atteot..
1180 207 1217 219 —
1236 176 1394 235 stite-Nat
1724 181 1777 237 tib

146 302 245 361 iterem
261 301 395 372 mgrrlronr
409 316 467 353 meo
477 316 492 351 n
501 315 511 364 ;
528 298 610 353 rerba
623 307 687 354 sunt
702 298 805 353 Cirristi
819 297 971 369 laquea-A
987 307 1108 368 mprtna,·
1122 311 1170 365 pro
1182 294 1304 349 saliente
1315 311 1436 367 namque
1464 294 1588 350 rraeerrdrt
1606 296 1691 364 alaier,
1710 299 1775 354 dum

145 395 181 452 tis
192 394 226 450 tle
239 407 269 448 se
282 390 433 448 seeundum
447 397 549 447 statum
564 388 798 456 immortalitatis;
813 404 845 443 ae
857 387 881 443 si
895 387 935 442 di-
986 390 1013 444 in
1030 399 1189 445 sanctorum
1206 389 1289 444 corda
1302 404 1351 458 pro
1367 387 1522 458 abjectione
1536 398 1652 444 terrenae
1669 391 1774 463 cogita·

145 482 375 541 catrPraecidia
393 497 436 537 rne
451 481 672 553 passibilitatem.
693 479 799 535 Dicitur
819 480 935 551 Sapien·
985 483 1069 539 tionis
1095 482 1212 539 altitudo
1241 497 1369 552 superare
1395 482 1638 553 contemplationis
1670 487 1775 553 oritur;

146 578 182 635 tia
207 576 267 644 Dei,
290 576 362 632 unde
383 576 409 630 in
427 574 498 630 libro
520 574 667 645 Sapientiae
690 591 696 628 :
717 572 802 638 ernri
825 575 935 644 orgerio
984 591 1034 644 pro
1050 576 1138 629 urtice
1159 583 1263 644 mprtns
1284 583 1393 639 crearet,
1407 590 1469 629 curn
1487 575 1626 645 justarum
1641 587 1775 634 mentesa

144 669 238 725 electa.
274 667 378 724 Dicitur
410 667 561 738 poerriteus,
601 666 648 737 qui
677 668 794 736 castigat
822 680 933 722 carnem
985 666 1126 737 prurigine
1142 666 1273 721 vitiorum
1295 675 1323 721 et
1348 667 1446 723 ardore
1469 670 1502 722 ad
1523 645 1660 724 castitatis
1671 679 1776 741 tempe·

145 774 225 816 suam
245 768 272 815 et
286 759 314 814 in
329 758 488 814 seruitutem
511 757 620 829 redigit,
643 758 717 812 unde
738 756 822 812 Dauid
837 775 845 813 r
861 757 935 829 ilpr·
985 759 1054 814 riem
1067 758 1350 828 tranquillitatemque
1364 758 1540 827 proveniunt,
1553 760 1618 831 quia
1639 769 1704 817 tunc
1722 772 1778 818 ter·

146 852 206 919 ritu,
228 862 253 908 et
272 852 499 924 gortianensis.
519 849 626 905 Dicitur
644 850 778 904 rirtnmm
799 851 932 917 suavitas,
985 863 1051 903 rena
1067 864 1122 903 non
1135 857 1277 919 appetunt,
1293 851 1358 903 dunt
1379 848 1504 905 llarnmas
1520 852 1613 907 carnis
1631 851 1778 911 desideriis

146 943 220 1000 aride
243 943 397 1000 seeundum
421 943 506 997 aliam
524 942 723 1013 expositionem
744 959 751 996 ε
769 940 892 1012 ligerim,
908 952 934 998 et
986 938 1146 996 celestibus
1165 939 1353 1010 exstinguunt.
1379 940 1514 996 Dicuntur
1539 951 1646 1015 myrtus
1669 944 1707 999 illi
1728 945 1777 1015 qui

146 1045 231 1108 purte,
247 1047 272 1092 et
285 1036 377 1101 carim
396 1034 523 1091 Christus
536 1035 660 1101 veniens,
677 1034 796 1104 mprrlru,
809 1043 834 1088 et
845 1042 933 1105 putta,
986 1031 1180 1087 tribulationes
1200 1032 1389 1101 proximorum
1406 1041 1570 1105 temperant,
1583 1036 1655 1091 unde
1666 1036 1752 1093 isaias
1768 1057 1774 1070 ·

145 1135 170 1182 et
181 1129 255 1182 enain
272 1129 300 1181 in
320 1127 474 1181 uestimento
496 1126 594 1191 ulitur,
613 1125 677 1196 quia
696 1140 729 1180 ex
750 1124 844 1180 electis
864 1125 934 1193 suis,
986 1123 1062 1179 Deio
1077 1123 1105 1177 in
1116 1122 1259 1178 solitudine
1270 1124 1526 1195 cedrnminspinom
1538 1137 1563 1181 et
1575 1128 1677 1199 lignum
1689 1130 1775 1187 oliuae.

145 1218 247 1288 quibus
264 1234 294 1274 se
313 1214 529 1271 misericorditer
552 1214 651 1281 induit,
671 1215 790 1287 rrryrrbac
809 1214 935 1288 fragrau·
985 1213 1038 1271 Per
1049 1215 1172 1283 cedrum,
1185 1216 1249 1286 quia
1261 1216 1352 1289 magni
1362 1217 1456 1273 odoris
1469 1228 1496 1274 et
1508 1220 1685 1291 imputribilis
1697 1231 1774 1278 natu·

146 1312 212 1367 tiam
231 1309 360 1380 aspergit.
384 1305 493 1362 Sanctae
509 1321 629 1378 iramque
645 1306 746 1362 animae
766 1306 801 1361 ab
815 1305 936 1377 antiquis
985 1325 1034 1375 rae,
1051 1309 1259 1365 retributionem
1274 1319 1383 1367 aeternas
1400 1311 1462 1368 vitae
1476 1313 1646 1384 accipinrus;
1663 1331 1711 1386 per
1721 1317 1778 1387 spi·

147 1399 271 1471 patribus
285 1399 364 1454 editae
374 1395 582 1467 Redemptorem
593 1411 675 1452 suurn
690 1395 717 1450 in
730 1397 861 1452 ltonurem
874 1397 935 1468 ejus
986 1416 1061 1466 nam,
1077 1418 1139 1472 quae
1154 1403 1261 1474 pungit,
1274 1403 1435 1473 poenitentia
1453 1421 1502 1476 pro
1521 1408 1665 1477 praeteritis
1681 1425 1778 1479 perea-

149 1493 294 1559 delcctant;
309 1490 387 1562 quia,
404 1503 439 1545 ex
456 1501 490 1544 eo
506 1488 580 1559 qnod
594 1489 665 1544 bene
678 1496 772 1561 agunt,
785 1504 843 1545 strae
859 1489 933 1546 laudi
986 1494 1022 1550 tis
1036 1493 1159 1564 injuncta
1175 1492 1328 1565 accipitur;
1347 1513 1394 1567 per
1408 1505 1528 1570 myrtum
1540 1497 1579 1553 illi
1589 1499 1689 1570 signati
1700 1510 1776 1568 sunt,

147 1583 378 1642 nilrilmindicant.
988 1586 1036 1656 qni
1050 1585 1244 1642 alllictlunibus
1259 1588 1446 1656 proximorum
1468 1591 1587 1662 compati
1607 1592 1709 1660 sciunt,
1729 1606 1778 1648 eo·

182 1672 296 1743 Dprtur,
317 1669 436 1742 proprie,
454 1671 602 1740 tranquilla
621 1686 717 1739 mens;
734 1673 806 1729 unde
821 1671 906 1729 isaias
924 1691 931 1728 :
950 1693 1106 1772 Brutoque
1130 1678 1334 1735 tribulationem
1357 1697 1405 1753 per
1428 1684 1648 1753 compassionem
1671 1694 1774 1757 tempe·

146 1764 201 1820 Pro
222 1765 344 1819 saliunca
372 1762 495 1820 ascendet
515 1764 588 1818 atter
602 1773 639 1837 ⁸et
657 1781 706 1835 pro
726 1765 813 1819 urtice
836 1775 934 1820 crescet
989 1779 1060 1825 rant.

184 2218 295 2276 Norden
315 2220 425 2291 proprie
437 2219 519 2275 arbor
533 2219 694 2275 aromatica.
719 2219 824 2276 Dicitur
834 2218 936 2277 lactum
992 2222 1093 2278 nensin
1105 2221 1271 2293 uirtutibus3
1288 2225 1359 2282 unde
1373 2226 1400 2282 in
1413 2225 1493 2283 Cant.
1508 2243 1516 2284 ε
1531 2224 1621 2280 Nares
1634 2237 1695 2280 tuna
1708 2229 1778 2284 ricrrt

146 2313 276 2385 despicis
290 2312 379 2379 nardi,
393 2312 502 2366 undein
514 2310 663 2383 Evangelio
676 2312 711 2368 de
724 2310 810 2368 Maria
825 2310 936 2383 llagda·
988 2315 1070 2369 terrie
1088 2313 1255 2389 Liburnique
1275 2319 1383 2388 respicit
1399 2328 1492 2374 corrtra
1509 2318 1681 2375 Damascum.
1705 2318 1779 2377 Dici·

148 2408 209 2463 iena
220 2405 294 2475 quod
308 2404 399 2460 attulit
415 2404 583 2459 alabastrum
607 2401 686 2458 nardi
704 2403 815 2473 spicati.
832 2402 937 2459 Dicitur
988 2415 1033 2462 tur
1051 2407 1192 2477 discretio,
1209 2411 1282 2466 sieut
1296 2426 1364 2468 rece
1384 2412 1527 2468 Dominiea
1544 2412 1571 2465 iu
1583 2412 1712 2469 laudibus
1726 2413 1779 2470 Ee·

147 2498 230 2555 ctiam
247 2497 396 2554 redolentia
410 2494 628 2551 bonzeiarnacvel
643 2495 715 2552 bona
733 2494 818 2561 lanta,
839 2495 935 2550 unde:
988 2497 1079 2554 clesiae
1098 2499 1219 2556 dicitur:
1235 2500 1326 2557 Nerua
1347 2511 1409 2556 tuns
1429 2503 1499 2557 sicut
1515 2503 1597 2556 turris
1611 2519 1670 2573 quie
1688 2515 1728 2561 eet
1748 2507 1777 2561 iu

149 2590 295 2649 Cumesret
311 2591 399 2646 recia
418 2589 542 2644 accubitu
557 2588 730 2655 manardus
746 2587 935 2641 dedicatorem
987 2585 1102 2644 Libano.
1139 2587 1193 2645 Per
1223 2606 1320 2648 nasum
1346 2592 1445 2649 odores
1467 2590 1624 2664 fetoresque
1644 2594 1779 2651 discerni·

146 2700 235 2750 raum,
250 2684 277 2740 id
290 2692 332 2740 cst
345 2692 491 2754 postquam
509 2681 637 2737 Christus
650 2680 774 2737 ascendit
789 2680 817 2735 in
834 2679 934 2735 coelnrn
988 2695 1062 2746 mus,
1082 2690 1110 2738 et
1124 2681 1185 2737 idco
1199 2696 1248 2752 per
1262 2698 1360 2739 nasum
1371 2684 1484 2755 prorida
1501 2692 1660 2742 sanctorum
1675 2687 1780 2744 discre-

147 2779 246 2835 sedens
259 2777 294 2833 ad
306 2777 445 2833 dexteram
464 2773 566 2839 Patris,
584 2773 657 2830 lama
673 2771 829 2829 Gbristirel
841 2771 936 2830 Eccle·
990 2773 1029 2828 tio
1043 2773 1215 2844 designatur.
1234 2773 1332 2831 Turris
1346 2776 1373 2830 in
1389 2776 1475 2832 altura
1488 2777 1684 2848 speculationis
1699 2778 1779 2849 poui-

148 2871 197 2927 sie
207 2870 320 2926 dilatata
333 2878 375 2924 est
388 2883 436 2939 per
451 2868 611 2924 universum
627 2866 734 2923 orbem.
748 2865 852 2921 Dicitur
867 2867 934 2922 cba-
989 2872 1035 2919 tur
1049 2874 1080 2919 nt
1093 2864 1185 2922 bostis
1200 2864 1314 2922 veniens
1329 2882 1344 2922 a
1359 2866 1439 2938 louge
1454 2867 1596 2936 videatnr;
1612 2877 1640 2924 et
1656 2869 1717 2926 idco
1730 2883 1779 2923 na-

148 2961 308 3030 ritas,unde
333 2960 463 3029 praedicta
480 2958 632 3015 auctoritas
652 2958 693 3013 sic
708 2965 797 3029 potest
814 2958 934 3027 exponi:
989 2971 1038 3012 sus
1059 2954 1190 3013 Ecclesia
1207 2957 1275 3013 turri
1294 2957 1393 3014 similis
1410 2959 1522 3029 dicitur,
1539 2960 1604 3032 quia
1619 2971 1778 3018 sanctorum

148 3055 218 3112 Cum
243 3062 310 3110 esset
331 3068 377 3107 res
400 3054 427 3107 in
449 3052 573 3107 accubitu
596 3066 656 3117 sau,
681 3049 770 3105 idest
791 3059 935 3121 postquam
950 3032 972 3091 C
988 3047 1103 3117 prouida
1115 3048 1264 3116 discretio,
1282 3048 1348 3104 dum
1361 3049 1577 3123 circumquaque
1587 3039 1702 3110 sollicite
1711 3070 1780 3111 scin.

146 3148 274 3204 Christus
291 3145 453 3202 humiliatus
468 3152 511 3200 est
523 3158 572 3214 per
590 3141 820 3207 incarnationem,
834 3142 936 3197 nardus
988 3139 1071 3211 spicit
1085 3140 1112 3195 in
1128 3140 1215 3196 altum
1231 3140 1333 3211 posita,
1347 3140 1507 3212 priusquam
1523 3146 1614 3201 reniat
1632 3147 1713 3218 culpa
1729 3148 1777 3204 dc-

148 3258 208 3300 mea
221 3242 295 3298 dedit
306 3239 412 3296 odorem
424 3253 513 3304 rcum,
527 3235 554 3291 id
572 3242 616 3291 est
626 3234 746 3290 charitas
761 3249 820 3290 mea
833 3234 938 3291 lutiam·
987 3227 1143 3299 prehendit.

147 3344 220 3390 mata
231 3341 285 3401 est,
303 3331 387 3388 etiam
402 3345 491 3400 usque
505 3328 540 3383 ad
553 3326 694 3382 inimicum
706 3325 938 3383 extensaDieitur
1026 3319 1127 3377 Notata
1144 3322 1248 3379 dicitur
1268 3321 1409 3390 nativitas,
1430 3323 1503 3380 unde
1526 3324 1658 3384 nativitas
1674 3327 1779 3385 Christi

147 3427 219 3481 buna
232 3424 356 3495 operatio
367 3422 431 3477 aliis
446 3421 571 3493 prebens
592 3421 749 3491 exemplum
774 3420 844 3477 bene
868 3436 937 3492 ope·
989 3416 1060 3472 solet
1074 3415 1130 3473 dici
1143 3417 1244 3474 natale.
1258 3415 1364 3473 Dicitur
1378 3432 1454 3474 naurs
1473 3420 1572 3485 sancti,
1590 3436 1652 3491 quae
1670 3423 1781 3493 elegan-

148 3515 240 3581 raudi,
252 3515 325 3571 unde
340 3514 368 3569 in
390 3510 541 3569 Carmine:
557 3509 668 3564 duram
689 3521 726 3576 et,
742 3527 835 3567 crocus
857 3521 882 3567 et
901 3512 937 3582 fi·
989 3517 1033 3564 ter
1054 3509 1156 3566 dieitur
1178 3511 1280 3579 natale,
1296 3508 1361 3581 quia
1378 3517 1444 3566 trrnc
1455 3509 1647 3581 primoanima
1660 3530 1724 3570 vcro
1735 3515 1780 3570 in-

147 3606 231 3662 stala-
990 3598 1058 3670 cipit
1074 3601 1165 3658 virere
1177 3601 1288 3673 quando
1302 3601 1442 3673 egreditur
1461 3610 1563 3657 statum
1582 3613 1683 3660 nostrae
1697 3605 1780 3660 mise-

184 3697 281 3767 Naris,
300 3696 423 3770 proprie.
440 3694 545 3750 Dicitur
559 3691 682 3761 latuitas;
696 3693 769 3749 uude
782 3692 911 3749 Salomon
928 3711 935 3748 ε
990 3691 1059 3760 riam
1076 3693 1150 3751 unde
1163 3710 1238 3751 mors
1256 3695 1346 3750 sancti
1364 3692 1506 3748 Laurentii
1525 3692 1568 3749 rel
1584 3691 1695 3749 Martini
1714 3696 1781 3751 dici·

148 3788 272 3848 circulus
296 3803 392 3843 curem
412 3787 441 3842 in
461 3784 570 3839 naribus
583 3784 654 3855 ertia,
672 3782 770 3838 mulier
781 3782 893 3854 puleium
912 3793 938 3838 et
989 3792 1036 3839 tur
1050 3785 1152 3841 natale.
1169 3784 1336 3841 Soletetiam
1348 3784 1403 3841 dici
1415 3783 1562 3854 depositio,
1575 3786 1641 3855 quia
1656 3795 1722 3843 tune
1732 3789 1767 3845 du

148 3881 377 3955 [⁰¹¹ll·'.ffli⁰¹¹ll¹⁸
396 3894 509 3945 aureus,
524 3879 596 3933 ¹¹520l
609 3876 713 3948 eloquii
728 3875 934 3941 haefelifflfflmr
990 3878 1069 3950 ponit
1084 3892 1223 3935 carcerem
1243 3878 1346 3935 carnis.
1362 3877 1469 3934 Dicitur
1485 3879 1568 3933 etiarn
1590 3879 1694 3950 obitus,
1714 3882 1780 3954 quia

148 3979 197 4049 (till
225 3985 269 4033 esi
281 3975 310 4031 in
327 3973 442 4030 nisibus
454 3972 523 4039 ⁸⁰1⁸,
537 3970 617 4027 idest
630 3968 812 4041 (luibrotedil
826 3983 841 4023 ι
855 3965 940 4022 latui·
990 3972 1165 4029 tancanirnae
1177 3970 1265 4027 sancti
1276 3972 1390 4027 ueniunt
1401 3971 1510 4027 obviam
1523 3973 1622 4044 angeli.
1636 3971 1782 4045 Nuncupa-

147 4068 419 4128 lsslehaefeilwlllffl·
435 4063 541 4120 ”lenus
560 4077 645 4133 Dim
659 4060 800 4134 ⁸⁰882⁸⁸l⁰
815 4057 936 4126 ‘flabilis
990 4076 1037 4124 tur
1056 4066 1138 4123 etiam
1165 4063 1308 4130 transitus,
1330 4060 1395 4135 quia
1414 4071 1521 4134 oportet
1547 4063 1667 4120 animaru
1692 4069 1780 4122 sancti

148 4164 221 4222 unde
237 4161 289 4218 10¹)
313 4162 431 4232 loquens
443 4160 477 4215 de
490 4157 653 4221 Bellemollt.
672 4153 699 4210 id
715 4162 757 4210 esi
770 4153 803 4208 1¹0
816 4152 937 4220 dl³l¹0102
990 4158 1077 4214 multa
1089 4154 1209 4211 transire
1222 4153 1294 4220 loca,
1308 4162 1455 4224 antequam
1468 4153 1611 4223 perueniat
1628 4154 1662 4210 ad
1679 4158 1780 4212 coelrnn

148 4262 186 4317 ait
199 4274 206 4310 :
221 4256 258 4312 De
278 4254 387 4310 nuribus
401 4254 459 4324 eiua
478 4251 598 4322 procedit
616 4249 717 4319 lentes,
732 4247 797 4318 quia
815 4262 831 4302 a
853 4260 938 4317 prara
990 4249 1154 4318 empireum.
1171 4244 1277 4300 Dicitur
1288 4244 1371 4301 etiarn
1390 4243 1538 4313 dormitio;
1554 4244 1629 4315 quia,
1646 4244 1719 4303 sieut
1730 4244 1782 4301 ali-

148 4353 250 4411 diaboli
279 4346 453 4422 suggestione
472 4343 595 4415 procedit
620 4341 810 4398 obtenebratio
837 4340 938 4396 ruentis
954 4342 1054 4426 „quis
1069 4340 1097 4394 in
1111 4337 1274 4394 dormiendo
1292 4337 1419 4408 quiescit,
1434 4335 1471 4391 ita
1483 4335 1576 4390 aalma
1591 4346 1782 4408 postmortem

148 4447 286 4502 buntanae.
302 4440 408 4498 Dicitur
419 4435 591 4510 praescientia
604 4452 611 4488 :
630 4433 762 4501 Quiercite
775 4450 836 4506 ergo
848 4433 881 4489 el
891 4433 938 4488 lro·

150 4537 217 4591 mine
229 4534 306 4605 cujus
319 4531 430 4602 spiritus
444 4530 472 4583 ia
488 4528 598 4582 trucidet
615 4525 686 4596 ejas.

185 4628 281 4695 Nasci,
300 4624 421 4698 proprie.
447 4620 530 4679 Notat
544 4628 645 4676 aeterna
667 4619 843 4691 generatione
858 4633 872 4674 a
885 4616 939 4675 Pa-

151 4729 192 4777 tre
212 4719 371 4790 procedere,
385 4714 457 4771 unde
471 4712 604 4784 Origenes
617 4711 655 4767 ait
667 4709 740 4780 quod
754 4709 841 4765 iilius
864 4724 939 4766 sern-

151 4827 199 4884 per
208 4814 341 4881 nascitur,
354 4812 381 4870 id
395 4821 437 4870 est
450 4819 552 4868 aeterna
562 4808 738 4879 generatione
753 4820 768 4860 a
780 4802 861 4859 Patre
875 4816 940 4873 pro-

151 4907 233 4963 cedit.
247 4903 329 4961 Notat
339 4905 446 4962 renasci
461 4919 510 4975 per
529 4903 660 4974 gratiam,
675 4897 749 4954 unde
762 4897 891 4954 Christus
902 4895 937 4951 ad

150 4999 329 5057 Nicodemum
343 4999 370 5053 in
381 4997 485 5054 loartne
499 5016 506 5053 ε
520 4995 681 5066 Oportetnos
690 4992 775 5047 denno
790 4989 875 5043 nasei.
887 4986 939 5043 No·

152 5105 192 5151 tat
202 5093 269 5147 oriri
286 5092 326 5147 uel
338 5090 451 5159 incipere
468 5096 573 5160 aperte,
590 5087 661 5143 unde
675 5085 739 5141 luna
756 5082 799 5139 rel
814 5082 855 5137 sol
870 5080 940 5136 dici·

152 5199 197 5246 tur
209 5185 285 5241 nasci
298 5183 345 5240 ubi
361 5182 450 5253 primo
465 5190 587 5253 apparet.
608 5179 723 5235 Florius
737 5178 821 5233 etiam
840 5175 877 5230 ibi
892 5190 941 5229 na·

151 5278 311 5345 scidicitur,
324 5274 371 5332 ubi
382 5273 480 5330 oritur.
495 5271 577 5329 Notat
588 5272 708 5343 incipere
718 5284 790 5332 esse,
805 5267 878 5325 unde
889 5266 941 5322 Do·

152 5371 245 5429 minus
267 5368 295 5424 in
316 5363 464 5435 Drangelio
479 5382 486 5419 :
499 5362 604 5418 Bonum
622 5371 689 5418 esset
707 5363 732 5415 ei
750 5361 774 5414 ai
790 5369 869 5414 nutat
888 5375 940 5413 iton

153 5464 247 5534 [nisset
260 5460 349 5524 loma,
366 5456 393 5511 id
409 5463 451 5509 est
464 5453 570 5509 nullum
583 5452 684 5508 maium
701 5454 799 5507 luisset
810 5449 898 5517 iudae,
917 5449 941 5505 si

153 5572 207 5611 non
219 5551 377 5624 incoepissct
390 5562 461 5603 esse.

193 5644 293 5713 Nasus,
314 5640 436 5716 proprie.
452 5637 557 5694 Dicitur
579 5637 708 5708 prelaus
732 5635 794 5694 aliis
815 5636 941 5708 preemi-

991 4432 1165 4505 reirigerium
1177 4431 1295 4498 incenit3
1311 4439 1339 4486 et
1358 4429 1430 4485 sicut
1448 4427 1547 4499 aliquia
1559 4427 1699 4484 dormiens
1713 4429 1782 4486 esci·

989 4535 1063 4583 tatur
1080 4540 1096 4580 a
1110 4539 1219 4591 somno,
1241 4539 1304 4580 curn
1321 4523 1480 4581 omnimoda
1501 4522 1697 4580 membrorum
1709 4524 1776 4582 inte·

990 4618 1087 4690 gritate
1108 4626 1136 4671 et
1156 4614 1356 4683 incolumitate,
1380 4614 1418 4670 ita
1442 4613 1530 4671 sancti
1551 4613 1745 4671 excitabuntur
1766 4632 1782 4672 a

989 4722 1089 4765 somno
1111 4706 1258 4763 mortisia
1283 4706 1328 4763 die
1350 4706 1574 4764 resurrectionis.
1601 4705 1665 4763 Sola
1690 4717 1782 4764 autern

990 4818 1067 4860 mors
1081 4802 1167 4859 beatae
1184 4797 1306 4872 Virginis
1321 4799 1412 4856 llariae
1435 4801 1590 4873 assumptio
1605 4801 1717 4868 dicitur,
1736 4816 1782 4855 se-

991 4896 1113 4953 cundum
1134 4894 1248 4950 illorum
1269 4893 1426 4965 opinionem
1446 4895 1573 4965 quicum
1588 4907 1702 4962 corpore
1720 4907 1782 4947 carn

991 4995 1160 5057 assumptam
1173 4985 1201 5040 in
1216 4985 1315 5042 coelunr
1327 4985 1487 5056 opinantur.
1502 4983 1551 5039 l'el
1564 4982 1665 5038 dicitur
1674 4997 1783 5038 assutu-

990 5080 1060 5151 ptio,
1074 5078 1101 5134 id
1116 5088 1255 5149 estsuper
1268 5082 1369 5132 choros
1382 5075 1542 5147 angelorum
1555 5073 1697 5140 exaltatio,
1710 5073 1783 5130 unde

992 5172 1019 5226 in
1034 5170 1146 5241 Antiph.
1169 5167 1322 5225 :Esaitntn
1341 5177 1381 5223 est
1395 5176 1488 5220 rancia
1503 5164 1553 5220 Dei
1572 5164 1686 5235 genitrix
1705 5181 1783 5235 snper

991 5264 1085 5319 claros
1096 5261 1248 5334 angelorum
1262 5260 1297 5314 ud
1312 5258 1429 5315 caelestia
1447 5273 1539 5328 regnu.

1029 5354 1145 5420 Nature,
1157 5354 1277 5426 proprie.
1289 5351 1371 5408 Notat
1383 5349 1549 5422 protundum
1562 5364 1647 5406 sacrae
1659 5347 1784 5419 Scriptu-

993 5464 1031 5504 rae
1042 5463 1096 5505 non
1111 5447 1255 5516 attingere,
1276 5440 1348 5496 unde
1358 5439 1460 5494 dicitur
1473 5438 1548 5508 rqrrud
1561 5453 1639 5494 sacra
1657 5436 1783 5507 Scriptu-

993 5555 1024 5595 ra
1039 5547 1081 5594 est
1095 5535 1194 5593 Durius
1209 5536 1236 5590 iu
1251 5548 1306 5604 quo
1322 5539 1448 5601 stagnus
1463 5529 1544 5601 pedat
1559 5540 1586 5586 et
1601 5530 1724 5585 camelus
1734 5544 1784 5584 na·

995 5640 1045 5702 tat,
1059 5629 1086 5688 tt
1102 5639 1144 5687 cst
1161 5626 1276 5698 simplex
1292 5620 1457 5679 sufficienter
1471 5620 1617 5679 instruitur
1635 5629 1663 5677 et
1675 5617 1785 5691 sapiens
