3992 6042
117 217 178 275 asi
651 205 1236 289 sustentamentis-nominor.
1712 220 1766 277 ,32

119 341 216 395 ctum,
233 333 264 383 iit
285 325 445 396 omnesqui
460 324 574 381 abusiva
589 322 780 391 desuetudine,
807 330 917 380 nostras
933 331 956 387 Α
978 323 1156 395 suffragante,
1170 339 1185 379 a
1201 338 1326 395 supernae
1336 326 1596 387 dilectionlsosculo
1611 346 1765 405 separetur.

117 424 203 497 leges
222 419 348 477 aboletas
363 417 478 473 reddere
500 415 664 481 moliuntur,
678 425 704 469 et
722 415 749 470 in
761 424 860 470 nostrae
871 429 918 469 so·
970 414 1178 487 ingratitudinis
1191 417 1318 487 exigente
1333 421 1470 489 merito,a
1487 434 1594 480 natura
1617 427 1705 497 gratia
1716 430 1765 486 de·

116 511 281 568 leuinitatis
307 508 374 565 feria
403 506 548 573 feriantes,
574 504 760 561 auatbcmatis
774 503 864 574 gladio
879 502 919 558 fe-
971 508 1112 578 gradetur,
1134 525 1149 564 a
1173 510 1341 568 naturalium
1370 529 1462 570 rerum
1492 515 1625 572 uniformi
1649 521 1766 577 coneilio

116 603 245 655 riantur.
258 597 291 654 Et
305 599 371 669 qiria
383 596 425 652 lex
440 596 523 667 liujus
534 595 765 667 promulgationis
779 595 917 667 legitimae,
971 613 1141 673 segregetur,
1163 602 1254 658 omnis
1268 604 1314 672 quii
1329 614 1377 659 ant
1393 605 1545 676 legitimum
1564 607 1680 666 llciieris
1695 613 1766 667 obli-

120 692 216 764 lrgem
238 690 354 761 justitia
376 703 431 743 non
459 697 609 761 oppugnat,
635 689 730 759 tuique
742 686 808 742 libra
821 687 918 757 judicii
970 701 1038 763 quat
1050 690 1202 761 incessum,
1213 704 1260 750 aut
1275 694 1432 764 gulositatis
1446 699 1562 755 incurrit
1577 700 1763 773 naufragium,

118 800 195 839 incre
206 781 384 838 discretionis
401 781 478 837 sedet
494 781 626 845 examini,
650 790 702 835 tuae
714 780 918 835 edictionisre-
968 794 1017 839 aut
1043 784 1186 841 ebrietatis
1201 786 1285 842 sentit
1306 787 1486 855 insomnium,
1515 801 1562 845 aut
1577 793 1703 850 avaritiae
1723 796 1763 850 si-

117 871 219 942 galam
235 871 314 927 oclus
327 871 589 926 ῐθῦθῐῑῑῐθῐῐῑθῑϋῐθ·
604 869 736 938 Quamvis
750 870 823 924 enim
840 884 918 926 meus
968 878 1041 933 tiens
1053 877 1195 947 experitur
1210 878 1381 945 incendium,
1406 890 1454 937 aut
1472 882 1616 941 insolentis
1631 902 1764 957 arrogari-

117 976 189 1018 mca
201 962 346 1018 nominum
367 962 443 1018 vitiis
459 963 615 1034 angustiata
632 961 815 1027 deformibus,
832 962 860 1016 in
876 963 919 1017 in·
968 972 1015 1025 nae
1038 971 1187 1026 umomitte
1201 972 1328 1027 asceam
1343 972 1496 1046 tasitgtnn,
1520 983 1568 1030 aar
1583 979 1763 1045 praeorante
1839 1016 1848 1027 .

117 1055 234 1111 fernum
255 1054 375 1109 tristitiae
386 1055 577 1125 peregrinans,
591 1053 693 1110 laetitia
718 1054 823 1110 nesciat
838 1070 918 1125 para·
968 1062 1073 1133 patitur
1100 1061 1197 1117 litoris
1224 1062 1351 1128 exitium,
1380 1073 1428 1119 aut
1449 1065 1616 1120 adulationis
1639 1081 1762 1122 amorem

116 1148 229 1211 diatim,
246 1155 338 1202 lamen
350 1146 378 1201 in
391 1147 443 1202 hoe
459 1147 626 1203 amoenantis
643 1147 736 1218 gaudii
752 1146 917 1218 odotatpri-
967 1152 1153 1208 communicat
1171 1152 1312 1208 fictitium.
1331 1151 1383 1219 Qui
1405 1164 1497 1210 autem
1511 1172 1526 1210 a
1540 1155 1634 1225 regula
1648 1154 1763 1215 fencris

117 1239 245 1306 mealia,
260 1239 334 1311 quod
348 1246 374 1294 te
391 1252 500 1294 mecum
516 1239 608 1294 videat
628 1240 663 1294 ad
678 1240 777 1295 debitae
791 1239 918 1294 vindicte
967 1244 1157 1313 exceptionem
1174 1242 1240 1299 facit
1260 1245 1443 1310 anormalam,
1457 1244 1572 1301 llcneris
1589 1249 1711 1317 privetur
1725 1250 1763 1304 si·

116 1332 243 1400 suspiria
263 1331 416 1402 suspirare.
437 1326 495 1387 Nee
510 1331 625 1396 mitum,
642 1331 667 1386 sl
686 1339 846 1388 nostrarum
868 1346 917 1385 vo·
967 1336 1044 1406 gillo.
1058 1335 1110 1401 Qui
1123 1335 1279 1407 gulositatis
1300 1338 1434 1407 mergitur
1454 1336 1480 1391 in
1496 1337 1608 1408 abysso,
1624 1341 1760 1395 meridici·

116 1423 261 1480 inritatum
277 1425 380 1480 unione
403 1422 551 1491 conformi,
566 1424 722 1480 concordiae
739 1424 846 1494 reperio
858 1439 918 1478 nne·
969 1428 1033 1482 tatis
1048 1427 1238 1483 erubescentia
1259 1427 1418 1498 castigetur.
1436 1425 1488 1493 Qui
1506 1428 1647 1484 ebrietatis
1662 1430 1761 1486 lethaeo

115 1515 238 1583 lodium,
251 1532 314 1572 cum
341 1517 425 1572 unius
454 1517 523 1572 ideae
543 1517 710 1587 exemplaris
725 1517 801 1572 notio
824 1530 875 1571 nos
888 1516 915 1570 in
966 1519 1081 1576 birmine
1102 1529 1260 1589 soporatur,
1276 1528 1443 1591 perpetuatae
1458 1519 1523 1576 sitis
1539 1530 1653 1577 veretur
1664 1521 1760 1578 incen-

114 1610 247 1665 uativum
271 1624 333 1666 esse
352 1610 524 1680 produxerit,
555 1611 638 1666 unius
655 1608 779 1666 officialis
797 1608 916 1664 admini·
966 1612 1031 1667 diis.
1056 1610 1104 1667 lile
1119 1612 1146 1666 in
1164 1628 1219 1681 spuo
1234 1612 1295 1667 sitis
1320 1613 1493 1670 incandescit
1514 1613 1645 1681 habendi,
1660 1628 1760 1684 perpe·

114 1703 266 1758 strationis
277 1702 433 1760 conformet
455 1703 590 1772 conditio,
607 1719 671 1759 cum
685 1710 795 1760 nostras
808 1710 914 1758 mentes
930 1673 952 1733 Β
967 1715 1058 1760 tuntas
1075 1710 1210 1774 egestates
1229 1703 1364 1761 incurrat.
1381 1706 1433 1771 Qui
1456 1706 1483 1761 in
1508 1705 1661 1776 praecipitio
1682 1719 1760 1760 arro·

114 1806 177 1848 non
204 1794 369 1863 superficiali
393 1795 552 1850 dilectionis
579 1795 691 1850 viuculo
713 1809 792 1849 amor
816 1793 914 1863 jungat
964 1796 1067 1866 gantiae
1090 1794 1240 1861 exaltatus,
1257 1796 1385 1865 spiritum
1408 1795 1572 1852 elevationis
1599 1795 1759 1861 eructabat

112 1888 275 1960 hypocrita,
298 1891 346 1946 sed
360 1889 467 1945 interna
480 1890 635 1944 animorum
656 1897 815 1944 nostrorum
830 1884 915 1959 320
963 1886 1063 1941 vallem
1079 1886 1191 1955 dejectae
1207 1886 1372 1942 humilitatis
1396 1888 1508 1942 ruinose
1527 1887 1687 1943 descendat.
1706 1886 1759 1954 Qut

111 1981 249 2049 latibula,
276 1982 345 2038 casti
369 1981 473 2037 amoris
494 1982 584 2050 pudor
608 1981 752 2036 inhabitet.
777 1979 847 2035 llum
862 1981 914 2036 lioc
965 1978 1062 2032 alienae
1089 1974 1230 2032 felicitatis
1248 1977 1360 2032 divitias
1381 1977 1454 2033 tlnea
1483 1978 1665 2033 detractionis
1691 1978 1761 2032 invi·

110 2073 272 2128 verborum
294 2073 457 2141 compendio
468 2071 572 2125 Genios
590 2086 647 2125 suae
661 2070 795 2125 orationis
812 2068 915 2125 forma·
964 2068 1057 2122 dendo
1071 2068 1223 2135 demordet,
1239 2067 1330 2138 primo
1342 2084 1372 2124 se
1384 2068 1420 2123 ibi
1440 2068 1545 2123 bostem
1561 2069 1693 2124 inveniat.
1706 2066 1759 2134 Qui

110 2172 158 2216 rct
184 2176 348 2227 excursum,
364 2176 422 2216 sure
435 2160 645 2215 exclamationis
658 2161 737 2231 quasi
752 2175 850 2215 aurora
863 2174 914 2215 na·
965 2157 1134 2212 adulationis
1159 2158 1297 2229 hypocrisi
1324 2173 1340 2212 a
1363 2156 1497 2212 divitibus
1512 2168 1629 2212 venatur
1642 2173 1760 2213 munus·

111 2262 227 2318 scente,
253 2252 372 2309 tristitiae
407 2253 535 2309 tenebras
561 2253 703 2324 paulisper
727 2253 912 2319 abstractans,
964 2246 1039 2313 cula,
1056 2247 1201 2317 sophistici
1218 2246 1605 2337 meritifraudeturpraemio.

112 2345 200 2399 salvo
214 2358 272 2398 sure
285 2343 428 2414 dignitatis
451 2343 569 2410 bonore,
585 2340 689 2396 Natura
714 2340 802 2397 Genio
816 2340 914 2412 gratia·
1000 2338 1153 2411 Postquam
1168 2339 1273 2396 Genius
1295 2338 1379 2411 hujus
1394 2339 1579 2395 anathematis
1594 2342 1759 2396 exterminio

111 2450 183 2489 runi
194 2433 256 2504 jura
269 2432 410 2502 persolvit.
964 2432 1046 2487 linem
1062 2432 1182 2487 orationi
1193 2434 1346 2497 concessit,
1358 2433 1423 2488 huie
1436 2428 1629 2502 imprecationi
1643 2433 1758 2503 applau-

152 2542 211 2598 [με
223 2542 374 2614 promum,
386 2542 483 2598 Genius
495 2542 794 2599 excommmgwpgomm
807 2560 877 2615 m,
964 2521 1034 2576 deus
1064 2519 1209 2591 virginum
1235 2521 1393 2578 assistentia
1418 2522 1519 2579 festino
1536 2522 1758 2591 confirmationis

464 2616 574 2669 toxotis.
964 2612 1049 2667 verbo
1070 2612 1149 2668 Genii
1164 2614 1308 2670 roboravit
1322 2615 1454 2683 edietum,
1474 2615 1669 2686 lampadesque
1679 2630 1758 2671 cere·

153 2704 237 2762 Tune
261 2704 364 2761 Genius
386 2715 449 2777 post
472 2706 595 2779 uulgaris
622 2707 780 2762 vestimenti
804 2707 914 2779 deposi-
965 2721 1047 2761 orum
1062 2708 1089 2760 iii
1102 2708 1232 2764 manibus
1246 2708 1385 2779 virginum
1404 2709 1463 2765 suis
1482 2709 1661 2765 meridiantes
1672 2708 1756 2762 lumi-

116 2800 225 2855 tionem
239 2798 417 2857 sacerdotalis
429 2799 581 2855 indumenti
595 2800 766 2855 ornamentis
778 2800 913 2856 celebrio-
965 2800 1048 2855 nibus
1070 2801 1096 2853 in
1113 2810 1216 2856 terrain
1241 2816 1303 2856 euni
1326 2802 1446 2871 quadam
1464 2802 1659 2873 aspernatione
1674 2800 1756 2856 etde·

118 2896 202 2951 ribus
224 2894 369 2962 infolatus,
389 2895 441 2950 suli
461 2895 513 2950 liac
530 2888 679 2951 verborum
697 2893 828 2966 imagine,
843 2911 914 2966 pirc-
967 2893 1121 2960 missione,
1149 2893 1344 2950 exstinctionis
1378 2895 1543 2951 videbantur
1576 2908 1676 2966 sopore
1706 2892 1756 2948 de·

118 2995 245 3043 taxatam
262 2986 558 3043 excommunicationis
577 2985 677 3042 seriem
693 3001 709 3040 a
726 2987 913 3055 penetralibus
927 3017 948 3074 C
962 2985 1053 3056 jectae.

119 3079 225 3135 mentis
239 3077 393 3135 lorinsecus
415 3078 549 3146 evocavit,
565 3077 617 3134 hoc
641 3077 790 3133 locutionis
810 3086 913 3148 praece·
1233 3078 1376 3135 Conclusio
1393 3081 1490 3149 operia.

119 3173 205 3228 deute
221 3170 362 3227 curriculo
376 3190 383 3226 ι
399 3170 563 3225 auctoritate
577 3169 815 3240 superessentialis
828 3169 910 3236 Usiae,
1000 3170 1090 3241 llujirs
1104 3169 1275 3245 imaginariae
1287 3170 1401 3227 visionis
1417 3172 1559 3228 subtracto
1573 3171 1695 3241 speculo,
1711 3186 1755 3227 me

119 3266 239 3337 ejusque
253 3262 376 3321 notionis
391 3272 511 3330 aeternas,
533 3276 648 3318 assensu
661 3261 782 3318 coelestis
796 3262 911 3329 militia,
965 3265 1001 3319 ab
1012 3262 1115 3319 exstasi
1130 3262 1281 3319 excitatum
1297 3263 1326 3317 in
1349 3277 1460 3329 somno,
1482 3263 1558 3334 prior
1573 3263 1696 3334 mystica
1706 3277 1755 3333 ap·

122 3368 229 3415 naturae
242 3356 338 3424 ctiam,
362 3363 581 3425 caeterarumque
602 3355 735 3410 virtutum
758 3354 912 3412 ministerio
965 3355 1114 3427 petitionis
1126 3354 1272 3426 dereliquit
1284 3362 1428 3424 aspectos,

140 3502 1742 3539 ww

484 3701 776 3861 unani
829 3705 958 3857 DE
1012 3700 1388 3859 INSULIS

583 3987 1288 4125 nuriuntuomnus

910 4249 980 4296 attat

274 4507 284 4521 .
357 4428 431 4518 on
468 4419 719 4517 orricio
753 4411 1072 4515 virinum
1111 4413 1188 4503 nr
1225 4408 1518 4502 reusneri

700 4632 890 4748 Llltltl
932 4625 1185 4746 NOVEM

268 4870 293 4930 n
308 4869 345 4930 lt.
364 4869 403 4929 ll.
420 4861 533 4929 carolo
548 4862 588 4925 de
603 4863 716 4930 Visera,
740 4856 849 4938 priore
864 4852 1026 4929 Dunensi,
1043 4860 1119 4930 ete,
1135 4851 1294 4935 recogniti
1309 4857 1342 4914 et
1357 4850 1444 4915 varie
1459 4849 1623 4915 illustrati.

721 5160 797 5265 aii
833 5170 1174 5307 iseronem.

161 5370 203 5426 Eu
219 5370 278 5436 tibl,
295 5368 404 5437 Lector,
419 5369 659 5424 anticlaudianum
685 5375 781 5423 exacta
803 5366 975 5423 diversorum
990 5362 1188 5437 exemplarium
1208 5359 1364 5424 collatione,
1389 5353 1644 5439 castigatissimum,
1661 5365 1688 5410 et
1703 5371 1753 5438 au-

128 5441 196 5497 ctori
210 5457 260 5497 suo
283 5442 452 5504 restitutum,
462 5441 506 5495 cui
521 5440 597 5494 illum
610 5438 779 5495 subduxerat
791 5436 884 5506 isqui,
901 5451 974 5491 auno
991 5435 1101 5490 Domini
1118 5432 1198 5497 tait,
1215 5447 1278 5488 euin
1290 5429 1447 5508 antuerpiae
1462 5443 1488 5507 ¹!'
1503 5425 1589 5479 lucem
1605 5437 1751 5495 protrusit,

129 5513 208 5581 plane
221 5510 358 5568 incultum
376 5521 404 5566 et
433 5510 590 5574 confusum,
607 5510 667 5565 sine
682 5508 736 5562 ulla
750 5506 867 5576 capitum
891 5506 1077 5572 distinctione,
1102 5502 1161 5559 sine
1187 5502 1309 5582 auctoris
1328 5496 1546 5580 prefationibus,
1559 5510 1675 5578 guarum
1689 5495 1753 5552 loco

124 5588 154 5647 ‚et
165 5581 254 5648 titulo,
268 5590 373 5652 partem
388 5580 507 5650 aliquam
523 5580 645 5649 reposuit
658 5578 800 5633 summarii
817 5575 972 5631 immediate
986 5574 1138 5645 sequentis,
1151 5573 1219 5638 imo,
1231 5586 1291 5627 sine
1302 5584 1388 5640 ipsius
1398 5575 1519 5648 auctoris
1531 5580 1643 5622 nomme
1656 5583 1663 5622 a
1678 5565 1753 5636 quod

117 5656 222 5710 'tamen
244 5652 401 5721 exprimunt
414 5651 596 5742 communiter
610 5662 718 5717 omnes,
729 5646 777 5717 qui
794 5645 874 5703 hlani
886 5647 988 5720 scripta
1009 5650 1164 5713 recensent,
1188 5639 1391 5714 praeferuntque
1406 5646 1562 5719 antiquiora
1575 5652 1643 5694 mss.
1657 5650 1751 5694 exem·
