3992 6042
162 282 217 340 Μ
545 282 803 340 Dls'rtncttortus
822 284 1009 344 arctioribus
1026 281 1150 344 sitnon.
1169 316 1205 327 -
1221 287 1389 346 nun-nat.
1720 293 1773 350 Did

165 398 201 456 sti
213 396 248 455 ad
260 397 414 469 passionem
427 406 500 453 tuam
517 405 544 453 et
558 407 683 464 mortem,
692 407 802 465 ut,cnm
815 407 942 469 putarent
955 407 979 464 Α
992 399 1063 456 ratio
1082 414 1144 470 qnae
1165 399 1371 471 comprehcndit
1393 401 1555 472 corporalia,
1568 401 1638 458 ratio
1663 403 1774 472 dicitur,

164 491 299 560 occidere,
314 492 388 548 salus
404 489 497 547 mundi
508 491 592 547 ieret.
607 489 716 546 Paravit
735 506 800 562 crgo
814 489 940 548 Christus
991 494 1063 550 unde
1073 493 1155 551 rebus
1168 509 1202 550 ex
1213 494 1326 549 materia
1337 491 1480 565 formaque
1493 494 1686 549 constantibus
1698 494 1775 551 solus

53 588 63 605 ·
166 583 343 640 intentionem
357 596 452 639 eorum
466 581 536 637 bona
551 582 627 638 dces
643 581 941 652 disponendubiaun·
995 584 1253 641 hamanusanimns
1269 585 1384 653 exstitit,
1402 587 1448 656 qui
1463 594 1544 657 prout
1559 588 1771 643 voluitnomina

166 684 211 731 tnr
230 672 440 746 peccata,uudc
458 671 623 729 Psalmista:
638 672 802 729 Dimiserunt
817 674 942 745 reliquiae
991 675 1074 732 rebus
1089 677 1237 748 impressit.
1265 676 1371 732 Dicitur
1386 678 1487 734 ueritas
1509 678 1574 750 quia
1599 680 1668 737 solet
1693 680 1772 736 dici:

166 786 229 826 suus
241 765 359 841 paeoniis
368 767 434 834 suis,
448 765 474 822 id
487 775 529 821 cst
541 765 742 836 posterioribus
754 765 812 822 suis
825 765 944 836 relique·
992 765 1055 822 Non
1064 777 1102 823 est
1112 768 1140 822 ia
1153 769 1241 833 re,vel
1250 777 1289 837 ut,
1304 768 1343 823 ita
1354 768 1429 823 babet
1444 786 1471 824 se
1486 786 1534 825 res.
1547 769 1650 827 Dicitur
1666 771 1775 828 carnale

167 869 232 916 ruut
254 868 362 931 peccata
385 857 559 919 clamantes:
575 855 692 929 Sanpais
711 858 768 928 eius
788 874 866 929 super
884 874 942 913 nos.
992 857 1203 926 commercium,
1218 860 1294 929 iusta
1307 859 1380 930 quod
1394 859 1493 915 dicitur
1510 878 1517 914 ε
1537 859 1591 916 lue
1612 861 1704 918 babuit
1719 879 1781 931 reas⁴

75 939 81 949 ’
168 951 272 1009 Dicitur
291 949 470 1017 maledictio,
489 949 562 1006 unde
583 950 712 1021 praedicta
733 951 883 1006 auctoritas
904 949 944 1007 sic
993 966 1052 1004 cum
1064 950 1123 1004 iiio.
1136 949 1240 1007 Dicitur
1267 951 1382 1019 utilitas,
1395 951 1465 1007 unde
1480 936 1626 1022 spostolus
1647 953 1776 1025 probibet

167 1042 265 1113 exponi
279 1049 385 1112 potest:
395 1038 431 1095 Ει
444 1039 600 1095 dimiserant
612 1040 738 1111 reliquias
752 1057 825 1108 suas,
842 1039 946 1096 scilicet
993 1039 1037 1097 bis
1049 1041 1149 1112 quibus
1161 1042 1255 1099 scribit
1266 1059 1300 1099 ne
1311 1044 1338 1098 in
1349 1043 1389 1100 eis
1400 1043 1435 1099 sit
1446 1042 1581 1098 scurilitas
1596 1060 1654 1117 pua
1664 1044 1698 1099 ad
1720 1060 1776 1100 rem

167 1132 384 1200 maledictionis,
400 1131 518 1203 paruulis
542 1131 614 1200 sais,
637 1132 665 1188 id
687 1140 729 1188 est
748 1131 946 1201 posterioribus
972 1125 1046 1188 'aton
1056 1134 1178 1204 pertinet,
1193 1133 1272 1190 idest
1285 1134 1389 1191 inutilis
1402 1143 1452 1190 est.
1474 1133 1578 1190 Dicitur
1588 1134 1774 1206 propositum,

168 1224 236 1279 suis.
260 1221 392 1279 Dicuntur
404 1220 600 1291 bnalesdudaei,
614 1222 661 1293 qui
681 1222 716 1278 ad
730 1221 811 1278 iidem
831 1236 945 1278 convcr-
994 1224 1068 1281 unde
1090 1225 1159 1281 solet
1186 1224 1239 1281 dici
1255 1242 1262 1279 :
1278 1225 1355 1280 nisit
1368 1227 1407 1279 mi⁴
1418 1242 1482 1281 rem.
1508 1226 1613 1282 Dicitur
1637 1228 1776 1297 possessio

169 1327 282 1384 tentus,
301 1313 374 1371 uude
393 1314 492 1387 legitur
514 1315 587 1388 quod
609 1316 727 1387 reliquia
756 1314 843 1372 israel
867 1315 946 1371 solua
991 1315 1070 1387 iuxta
1082 1314 1155 1386 quod
1170 1315 1269 1372 dicitur
1283 1334 1291 1370 z
1307 1312 1362 1371 lstc
1375 1315 1485 1371 abstulit
1498 1315 1563 1370 miii
1582 1331 1715 1371 resmcas.
1730 1315 1777 1372 Di·

169 1409 243 1479 ficat.
352 1423 360 1438 ·
995 1409 1066 1467 citur
1075 1422 1205 1479 persona,
1217 1408 1291 1464 unde
1300 1406 1449 1480 Gregorius
1463 1426 1470 1464 τ
1482 1408 1532 1463 Res
1545 1423 1603 1480 auce
1613 1407 1691 1478 culpa
1703 1416 1776 1463 caret

205 1497 345 1555 Resainisci
361 1499 470 1571 proprie
485 1498 599 1567 iscium,
612 1496 683 1553 unde
707 1495 792 1552 David
806 1514 814 1552 ι
830 1495 947 1550 Remini·
994 1503 1024 1560 in
1033 1503 1160 1558 damnum
1173 1504 1262 1558 vocari
1273 1504 1465 1571 noncopantis,
1477 1512 1529 1561 etc,

169 1608 239 1694 scere
251 1593 449 1695 miserationum
462 1601 586 1659 tuarum,
601 1590 714 1692 limini
722 1630 730 1656 r
752 1589 782 1692 ii
794 1597 835 1693 0⁸}
848 1588 947 1643 ⁰¹¹¹¹b⁶
1031 1618 1176 1690 Respicere,
1192 1618 1310 1689 proprie,
1320 1617 1534 1675 miscricordiam
1548 1620 1687 1691 exbibete,
1703 1622 1776 1679 unde

170 1683 249 1739 nobts
260 1681 474 1739 misericordiam
487 1680 714 1737 sicutesbrburstr
725 1688 856 1750 sanquis.
866 1677 946 1734 Notat
963 1743 983 1798 B
996 1709 1080 1766 David
1095 1728 1103 1766 :
1121 1708 1228 1782 Rem„
1242 1711 1271 1764 5,
1288 1725 1328 1764 m,
1340 1719 1365 1765 εἰ
1378 1709 1499 1765 mrum„
1509 1711 1570 1766 mec,
1587 1711 1667 1769 Nom
1680 1729 1777 1786 mm.

997 1802 1147 1871 bermundo
1160 1802 1259 1876 legitur
1272 1802 1300 1857 in
1309 1800 1377 1858 Gen.
1390 1802 1463 1874 quod
1475 1801 1602 1860 Dominus
1615 1806 1726 1876 respexit
1741 1805 1778 1859 ad

998 1895 1063 1950 Abel
1081 1902 1107 1949 et
1130 1895 1165 1949 ad
1182 1909 1289 1950 munera
1308 1894 1386 1964 eins,
1410 1893 1492 1952 idest
1513 1895 1581 1951 Abel
1606 1896 1778 1967 approbarit.

997 1985 1079 2042 Notat
1093 1985 1235 2052 intendere,
1249 1986 1321 2041 unde
1335 1983 1486 2040 Dominus:
1506 1983 1590 2040 Nemo
1601 1988 1706 2041 mittens
1718 2004 1778 2042 ma·

998 2093 1061 2131 nam
1075 2076 1110 2132 ad
1125 2085 1245 2132 aratrum
1259 2084 1284 2131 et
1298 2077 1437 2146 respiciens
1453 2085 1539 2140 retro,
1561 2077 1643 2132 idest
1662 2078 1782 2135 terrenis

997 2166 1150 2234 intendens,
1172 2175 1249 2237 aptus
1265 2174 1304 2222 est
1331 2183 1408 2235 repas
1431 2165 1490 2220 Dei.
1512 2163 1594 2221 Notat
1616 2176 1777 2234 conuertere,

997 2259 1070 2316 unde
1085 2257 1169 2315 David
1180 2277 1186 2314 :
1199 2258 1306 2329 Respice
1318 2258 1438 2314 iuimicus
1453 2275 1534 2325 meos,
1546 2258 1573 2313 id
1584 2267 1625 2315 εει
1636 2266 1775 2314 conserte.

997 2351 1080 2410 Notat
1095 2353 1240 2423 pertinere,
1255 2351 1405 2408 secundum
1426 2351 1499 2422 quod
1518 2351 1587 2406 solet
1609 2349 1663 2407 dici
1689 2367 1698 2407 c
1720 2348 1779 2405 lloc

998 2445 1104 2515 rescipit
1116 2442 1195 2512 iilud,
1213 2443 1241 2500 id
1254 2450 1297 2500 est
1306 2442 1423 2514 pertinet
1434 2443 1467 2498 ad
1482 2442 1560 2498 illud.

169 1775 304 1843 iudicare,
317 1774 389 1830 uude
410 1774 439 1830 ia
452 1771 521 1829 l'ob.
535 1788 544 1828 c
559 1770 601 1829 Ne
621 1766 815 1840 reminiscitis,
826 1769 945 1838 Domine,

168 1866 319 1937 iniquitates
329 1874 444 1953 nostpts.

205 1954 355 2021 Remitterc,
371 1954 492 2027 proprie,
506 1955 669 2021 condonare,
692 1950 923 2033 uudeJlominus
939 1966 946 2005 :

168 2047 351 2105 Remittentur
363 2046 412 2102 tibi
423 2055 531 2117 peccata
548 2054 604 2101 tua.
618 2043 700 2101 Notat
713 2043 795 2100 etiam
809 2051 948 2098 extenuare

169 2136 212 2191 rel
225 2136 382 2204 uiuorum,
394 2136 468 2191 unde
482 2136 557 2193 calor
568 2135 669 2192 dicitur
681 2132 795 2201 remitti;
806 2141 834 2189 ct
845 2130 946 2188 David:

169 2225 281 2283 Remitte
294 2226 359 2282 miii
377 2235 406 2281 nt
417 2226 565 2297 refriperer.

202 2317 296 2387 Renes,
315 2318 433 2388 proprie.
463 2315 568 2373 Dicitur
584 2315 735 2383 delectatio,
751 2315 824 2372 unde
843 2313 946 2372 David:

170 2411 299 2468 Senatum
317 2426 388 2465 renes
403 2420 428 2465 et
448 2411 539 2479 eorda,
562 2411 627 2481 quia
649 2409 763 2465 intendit
785 2407 856 2465 Deus
882 2408 948 2479 quid

170 2505 252 2559 bomo
265 2505 362 2579 cogitet
375 2500 477 2571 etquid
496 2516 558 2557 curn
580 2500 704 2556 delectet.
720 2498 853 2556 Dicuntur
862 2497 949 2556 tudaei

169 2595 324 2666 dequibus
349 2595 488 2652 deseendit
505 2594 630 2651 Christus
653 2591 803 2649 secundum
826 2605 947 2658 carnem,

171 2686 242 2744 uude
253 2686 417 2767 Psalmista:
433 2686 518 2757 Usque
538 2685 573 2741 ati
586 2694 686 2740 noctem
706 2684 890 2752 increpuerunt
908 2699 948 2737 me

170 2795 243 2834 renes
256 2779 317 2846 atei,
327 2794 342 2833 a
352 2779 452 2847 ouibus
461 2777 586 2833 descendi
597 2774 745 2832 secundum
754 2788 875 2840 caruem,
887 2787 949 2844 per-

170 2873 257 2930 secuti
272 2881 336 2929 sunt
351 2887 394 2929 me
409 2871 543 2943 usquead
558 2878 683 2926 mortmn.
710 2867 813 2924 Dicitur
830 2867 948 2922 bumana

170 2962 272 3019 Christi
293 2971 407 3028 natura,
423 2960 494 3017 unde
516 2968 605 3031 potest
625 2957 724 3029 exponi
747 2956 876 3030 predicta
897 2970 948 3010 au·

170 3056 302 3111 cionitas:
318 3053 524 3124 increpuerant,
544 3060 616 3116 etc..
638 3049 716 3104 idest
729 3047 879 3104 secundum
894 3044 984 3133 lau-c

170 3162 279 3203 naariam
305 3155 441 3214 naturam,
467 3142 613 3215 perductus
631 3154 693 3198 sum
710 3138 851 3211 usquead
875 3151 950 3195 mor·

170 3248 236 3298 lem.

204 3332 321 3405 Reptcre,
338 3332 447 3404 proprie
468 3329 497 3386 in
518 3327 645 3405 omnibus
666 3323 848 3383 essentialiter
871 3336 947 3389 csse,

170 3426 243 3484 unde
257 3442 265 3479 s
285 3425 400 3494 Spiritus
413 3421 522 3477 Domini
534 3419 641 3490 repleuit
652 3401 740 3473 oriem
752 3425 902 3483 terrarum,
921 3411 949 3470 id

171 3525 214 3569 est
224 3513 343 3585 Spiritus
356 3519 468 3568 sanctus
477 3516 520 3566 est
532 3506 712 3565 essentialiter
723 3507 753 3562 in
769 3504 949 3563 omnibusvel
1035 3491 1107 3560 ⁸0¹⁶,
1122 3488 1438 3563 DfflP¹l⁰·ffi⁰5²Pi0fi²ffl
1448 3487 1615 3559 Pfaediffllim
1628 3486 1699 3543 unde
1712 3485 1781 3543 dici·

173 3605 292 3677 Spiritus
300 3600 419 3669 Domini,
432 3600 481 3671 qui
491 3606 533 3656 cst
546 3597 692 3662 Dominus,
712 3604 743 3651 ut
753 3595 894 3651 transitive
914 3594 951 3651 lc·
999 3592 1045 3641 ῑιιι·
1057 3585 1124 3652 reiis
1144 3582 1218 3671 Pessi
1239 3581 1321 3640 modo
1343 3581 1472 3637 laxantur
1486 3581 1514 3636 in
1534 3589 1686 3651 capturam,
1700 3577 1781 3635 modo

172 3704 262 3769 gatar.
286 3693 367 3750 liotat
387 3690 581 3765 plenitudinem
601 3686 693 3760 gratia
714 3684 856 3752 conterre,
878 3684 951 3740 undo
1001 3675 1209 3746 complicantur,
1226 3673 1290 3745 quia
1310 3687 1366 3728 non
1394 3687 1476 3729 omne
1491 3682 1599 3742 tempus
1622 3670 1711 3726 babile
1732 3670 1782 3726 do-

172 3797 262 3862 potest
281 3787 321 3844 sic
333 3785 432 3858 exponi
452 3799 459 3837 ;
482 3781 597 3855 Spiritus
615 3778 721 3834 Domini
743 3776 849 3848 repleuit
864 3775 951 3830 orbem
1001 3766 1109 3833 ctrinae3
1124 3766 1208 3836 quia,
1223 3765 1295 3819 sicut
1314 3762 1404 3833 pisces
1419 3763 1571 3819 retinentur
1592 3763 1655 3826 reti,
1676 3761 1713 3817 ita
1731 3760 1782 3815 bo-

174 3891 326 3943 terraram,
346 3877 372 3933 ld
386 3884 428 3948 est
446 3873 563 3945 Spiritus
574 3876 686 3927 sanctus
697 3866 812 3924 contulit
826 3864 952 3922 Ecclesiae
1001 3859 1089 3914 minos
1107 3855 1314 3928 predicatione,
1336 3858 1410 3914 unde
1430 3855 1562 3912 Dominus
1576 3873 1583 3910 :
1597 3852 1700 3909 Lacate
1713 3852 1783 3908 retia

173 3970 367 4044 plenitudinem
380 3966 545 4038 gratiarum,
556 3977 615 4033 qum
626 3957 747 4016 Ecclesia
759 3957 858 4013 dicitur
876 3956 950 4012 orbis
1001 3959 1088 4005 uestra
1105 3949 1135 4003 io
1154 3957 1302 4018 capturam.
1318 3946 1421 4004 Dicitm
1434 3946 1535 4002 diaboli
1554 3945 1691 4015 deceptio,
1708 3946 1784 4002 unde

173 4070 319 4127 terrarum,
339 4057 451 4130 quiade
471 4053 587 4111 dirersis
600 4048 722 4124 partibus
737 4048 813 4105 orbis
826 4048 950 4104 collecta.
1002 4038 1086 4096 David
1101 4038 1220 4095 :Cadent
1229 4038 1257 4093 in
1271 4036 1427 4094 retiaculum
1440 4037 1497 4108 eins
1509 4045 1666 4107 peecatmes.
1679 4034 1784 4091 Dicitur

208 4150 320 4224 Repriie.
337 4149 441 4206 Dicitur
459 4145 552 4218 piscis,
565 4143 638 4199 unde
651 4141 679 4197 in
691 4140 758 4197 Gen.
772 4154 779 4192 :
799 4137 952 4193 Producant
1002 4132 1122 4189 baeretici
1132 4130 1286 4203 persuasio,
1304 4130 1377 4187 unde
1392 4128 1539 4186 Salomon:
1554 4125 1667 4181 Frustra
1679 4127 1786 4198 jaeirus·

173 4260 250 4318 epse
268 4241 360 4313 reptile
380 4240 477 4296 anima
499 4237 618 4293 uiuentis.
640 4234 732 4290 Pisces
744 4239 825 4288 vocat
846 4230 953 4303 Moyses
1003 4233 1057 4279 rete
1078 4228 1139 4277 nota
1159 4221 1247 4278 oeulos
1262 4230 1451 4293 mitratorum,
1465 4218 1529 4288 quia
1543 4217 1642 4282 sancti,
1657 4218 1705 4289 qui
1720 4223 1785 4275 sunt

174 4334 299 4406 repentia,
325 4333 389 4404 quta
410 4327 512 4403 tmpeiu
527 4332 646 4404 quodam
670 4347 700 4389 sp
713 4329 831 4401 papium,
849 4326 954 4380 prestus
1003 4312 1114 4383 pennati
1126 4312 1284 4379 uirtutibus,
1312 4325 1369 4367 non
1393 4311 1569 4382 decipiuntur
1591 4309 1783 4367 hereticorum

175 4425 277 4483 animal
289 4423 363 4497 quod
375 4424 448 4480 circa
459 4430 559 4479 terram
575 4431 709 4490 moretur,
724 4419 767 4476 rel
787 4413 835 4475 nic
858 4431 888 4472 se
902 4423 955 4470 tra·
968 4409 992 4465 D
1006 4403 1238 4475 persuasionibus·

175 4522 244 4578 bens
256 4527 287 4575 ut
300 4517 400 4575 vermis
413 4516 455 4573 rel
466 4531 587 4588 serpens,
599 4516 626 4571 vi
638 4523 789 4572 castrorum
798 4510 858 4584 (sio)
872 4524 955 4565 sera·
1042 4517 1119 4574 Retro
1133 4525 1209 4574 „01³2
1219 4516 1405 4592 posternam
1419 4514 1551 4586 temporis
1567 4514 1610 4570 pel
1623 4512 1690 4580 1001,
1709 4510 1783 4583 quod

175 4619 253 4690 picns
268 4625 299 4673 ut
319 4614 441 4682 coluber,
458 4612 501 4668 rel
515 4610 630 4684 pedibus
643 4623 739 4680 repens
753 4615 783 4662 ut
793 4607 893 4661 lacerta
912 4603 955 4660 rel
1005 4619 1088 4682 pacet,
1111 4606 1194 4665 Norat
1218 4607 1423 4679 subjeccionem,
1449 4589 1521 4663 unda
1544 4605 1669 4662 christus
1687 4604 1725 4659 ait
1750 4600 1785 4656 ad

112 4733 116 4739 ¹
176 4711 292 4776 botrata,
311 4707 400 4764 unde:
417 4706 551 4763 Producat
566 4712 637 4759 terra
655 4701 771 4756 animam
790 4697 954 4753 viventemin
1005 4698 1115 4756 Petrum
1132 4717 1140 4754 ς
1161 4697 1232 4753 Vade
1252 4708 1333 4763 retro,
1350 4695 1465 4753 satanas
1478 4736 1487 4764 ‚
1501 4709 1533 4751 ac
1544 4694 1568 4751 si
1581 4693 1684 4751 diceret
1700 4712 1707 4749 ς
1723 4689 1787 4746 Noli

178 4817 268 4871 perere
287 4816 335 4855 suo
352 4799 473 4871 jumento
493 4805 518 4851 et
537 4793 652 4868 reptilia.
668 4791 772 4848 Dicitur
785 4788 868 4845 homo
883 4789 956 4844 curis
1006 4793 1073 4851 mibi
1085 4790 1244 4859 adversari,
1262 4789 1310 4847 sed
1326 4786 1485 4858 subjiciaris
1502 4785 1580 4841 mibi.
1608 4782 1690 4839 Notat
1713 4780 1785 4849 deic-

178 4902 346 4949 lififfl‘lfflm
360 4893 503 4947 lillfflfflesss
515 4888 594 4960 quasi
619 4885 692 4942 iiiii
713 4892 821 4942 liffeim
840 4894 956 4951 ‘illinis
1007 4891 1137 4955 ctionem,
1158 4886 1231 4943 unde
1253 4883 1410 4941 Dominus:
1427 4866 1785 4938 Ncmomittenemanumirr

179 4984 251 5040 unde
264 4982 347 5038 Darid
362 5001 369 5036 :
387 4982 444 5036 Hoc
461 4997 533 5035 mare
546 4993 680 5049 mapnum,
692 4984 757 5045 ete,
770 4975 826 5031 illic
839 4974 955 5045 reptilia.
1007 4986 1128 5034 aratrum
1147 4986 1172 5032 ct
1195 4975 1332 5046 respiciens
1347 4985 1434 5040 retro,
1452 4972 1480 5029 id
1502 4970 1590 5027 estad
1605 4978 1711 5023 terrena
1725 4980 1787 5036 qum

215 5076 265 5133 Res
279 5075 424 5145 aliquando
451 5074 486 5130 ita
500 5075 574 5145 large
593 5069 711 5127 sumitur
726 5069 800 5141 quod
816 5076 873 5124 tres
892 5080 958 5137 per·
1007 5069 1071 5132 uilia
1083 5074 1149 5125 sunt
1160 5074 1188 5125 ει
1204 5065 1317 5138 deiecta.
1333 5063 1413 5121 Notat
1426 5059 1647 5135 mentitionem,
1659 5056 1730 5112 unde
1748 5058 1788 5112 le·

180 5186 255 5230 sona
266 5171 295 5226 in
309 5168 439 5224 Trinitate
451 5169 653 5234 dicunturres,
676 5163 747 5221 undo
765 5161 955 5233 Augustinus:
1008 5160 1081 5232 gitur
1100 5156 1174 5233 quod
1195 5154 1319 5214 Ezechiel
1333 5153 1431 5212 rident
1453 5147 1592 5214 animalia,
1612 5147 1690 5219 picae
1703 5145 1787 5202 oculis

179 5262 277 5322 Rerum
296 5261 359 5317 alia
376 5267 437 5315 sunt
458 5259 615 5330 fruentium,
637 5257 699 5313 aliie
712 5254 805 5327 onibus
818 5252 954 5307 utendum.
1008 5260 1103 5308 unteet
1122 5258 1213 5315 seiros
1228 5248 1357 5306 animalia
1378 5246 1431 5303 ista
1454 5251 1519 5301 sunt
1546 5240 1717 5312 evangelista
1739 5239 1788 5310 qui

180 5353 363 5427 Restcinpitur
383 5351 529 5425 aliquando
555 5350 675 5408 Ecclesia
696 5348 725 5406 in
741 5360 869 5417 corpore,
886 5341 959 5400 unde
1008 5341 1214 5400 babentoculos
1228 5346 1424 5404 antemnates,
1442 5335 1525 5394 idest
1538 5332 1704 5417 intellectum
1717 5342 1788 5400 pre·

181 5446 302 5504 Donatus
310 5446 348 5503 ait
359 5445 432 5518 quod
443 5444 550 5498 nomina
560 5452 621 5499 sunt
629 5440 804 5513 sipaificatiua
815 5445 860 5492 aet
872 5450 958 5491 rerum
1009 5434 1149 5491 teritorum
1162 5439 1190 5490 et
1202 5430 1367 5489 interorum.
1375 5425 1457 5485 Notat
1468 5425 1644 5497 semiplenam
1655 5418 1788 5490 caprino·

181 5546 228 5594 snt
243 5553 391 5608 corporum.
407 5532 559 5606 Aliquando
579 5533 638 5589 sola
652 5532 810 5602 incorporea
832 5528 959 5585 dicuntur
1010 5538 1083 5588 nem,
1098 5521 1170 5577 unde
1182 5519 1303 5577 loannes
1313 5517 1380 5574 dicit
1391 5531 1422 5575 sc
1434 5515 1645 5573 audisserocem
1660 5518 1743 5575 retro,
1753 5508 1788 5564 ad

182 5644 241 5697 res,
254 5629 324 5701 qnia
339 5630 373 5685 cis
395 5626 438 5684 bis
460 5633 548 5698 potest
572 5623 665 5680 baberi
676 5639 741 5680 vera
760 5620 869 5687 nodus,
887 5618 960 5674 unde
1010 5607 1304 5696 sipnlbcandmniqaia
1328 5605 1420 5679 piena}
1432 5602 1545 5665 scientia
1560 5602 1602 5679 ‚dc
1615 5596 1713 5659 divinis
1731 5608 1787 5656 notr

184 5722 247 5794 unia
274 5738 306 5781 ea
330 5736 444 5795 corpora
467 5733 559 5777 rerum
572 5715 712 5795 ,dicuntur
738 5731 799 5785 res,
832 5711 904 5770 unde
931 5719 959 5767 et
1010 5701 1203 5780 potestbaberi
1217 5700 1244 5761 in
1259 5698 1396 5775 prasenti.
1652 5694 1657 5710 ¹

1032 2556 1219 2629 Responsum,
1255 2555 1388 2626 proprie,
1415 2556 1591 2627 aequipollens
1621 2556 1703 2612 alicui
1718 2533 1779 2612 'rel

998 2650 1163 2723 equivalens
1177 2648 1262 2716 aliud,
1277 2649 1350 2705 undo
1362 2647 1509 2719 Apostolus
1521 2648 1588 2704 dicit
1602 2662 1632 2703 se
1649 2646 1780 2703 babuisse

998 2756 1160 2813 responsum
1177 2740 1294 2807 mortis,
1320 2739 1348 2797 id
1368 2747 1411 2795 cst
1433 2739 1598 2796 sustinuisse
1623 2737 1780 2809 passionem

998 2833 1217 2905 aequipollentem
1242 2831 1335 2887 morti.
1370 2829 1475 2887 Dicitur
1502 2829 1644 2901 inspiratio
1671 2828 1777 2893 diuina,

999 2927 1071 2983 unde
1087 2925 1186 2998 legitur
1198 2923 1233 2979 de
1245 2921 1372 2979 Simeonc
1383 2921 1457 2994 quod
1471 2923 1575 2993 accepit
1588 2934 1749 2990 responsura
1761 2934 1779 2974 a

999 3016 1115 3072 Domino
1130 3029 1186 3072 non
1202 3014 1273 3069 rino.
1299 3011 1404 3069 Dicitur
1425 3012 1580 3080 instructio,
1595 3012 1666 3069 unde
1680 3011 1780 3081 legitor

999 3107 1134 3179 demergis
1148 3107 1175 3161 in
1186 3104 1333 3176 Evangelio
1344 3103 1418 3174 quod
1440 3119 1563 3174 responso
1578 3113 1682 3173 accepto
1696 3104 1724 3158 in
1736 3118 1780 3158 so-

999 3198 1078 3252 mnis.
1094 3195 1200 3251 Dicitur
1221 3193 1368 3249 consilium
1382 3192 1524 3264 prudentis
1537 3192 1640 3248 editum
1656 3192 1690 3247 ad
1711 3207 1781 3248 con·

998 3286 1161 3345 solationem
1175 3282 1303 3353 alicuius,
1318 3281 1392 3339 uude
1407 3282 1556 3355 inionibus
1572 3282 1670 3354 legitur
1687 3282 1721 3339 de
1737 3296 1780 3338 re·

998 3377 1108 3450 sponsis
1118 3375 1294 3448 prudentum.
