3992 6042
129 272 187 334 885
526 289 529 296 ‚
557 255 815 321 DlSle‘CllDIOES
833 258 1019 319 otelton‘tttt
1039 254 1162 315 totos.
1181 287 1217 298 -
1231 252 1348 314 osolt
1689 249 1746 308 8⁸8

133 391 237 449 Dicitur
249 389 330 445 etism
347 387 455 451 Filius;
471 382 545 455 quia,
559 383 632 439 sicut
647 381 745 451 aliquis
763 395 809 435 cre
823 379 913 450 loqui·
926 382 948 440 A
962 390 1055 431 erroro
1069 371 1233 438 detinentur,
1249 368 1378 442 osss‚qui
1392 369 1461 426 slics
1474 367 1501 423 ln
1513 377 1604 423 errore
1615 361 1665 420 rct
1668 374 1746 419 ncnc

132 497 187 552 tur,
199 482 325 539 itai‘ater
345 477 518 553 petillium:
535 476 634 532 rtnde
627 476 749 531 utCant
765 472 911 529 Ecclesiae
965 462 1332 526 Diciturlortitudocarnis,
1349 462 1421 518 unde
1442 459 1514 517 lob·
1532 457 1744 530 Eleqitsuspcn-

134 573 275 632 osculetur
295 589 336 627 mc
365 570 454 629 osculo
480 570 532 624 oris
555 570 607 623 sui.
633 568 737 623 Sensus
759 574 828 622 est:
848 563 915 620 Drat
964 560 1037 614 diuus
1060 559 1152 612 enimc
1175 572 1242 621 meo,
1267 564 1293 609 et
1312 566 1423 609 turstenc
1444 569 1503 609 osso
1524 568 1593 607 mco
1608 548 1678 619 Quid
1695 563 1745 621 pet·

132 667 252 726 Fcclesra
265 665 372 721 Patrem
384 661 560 719 utosculctur
571 676 609 724 sc
623 659 648 713 td
657 668 698 715 est
709 657 808 717 utsttet
824 655 913 711 osculo
964 651 1096 718 animam,
1109 648 1164 704 nisi
1181 647 1280 708 tuentis
1304 645 1430 713 itttentio;
1446 644 1510 716 quid
1535 658 1584 715 pcr
1603 657 1677 710 ossa,
1691 638 1747 697 nisi

131 760 188 814 oris
202 757 254 821 sui,
270 756 298 812 id
322 763 363 810 est
385 752 571 808 incarnatione
587 749 648 804 liiii
666 749 719 804 sui.
741 747 849 818 Triplici
870 762 914 801 ra·
963 744 1055 799 carnis
1080 740 1220 797 fortitudo
1243 738 1417 809 designatur?
1443 736 1530 791 Omne
1558 746 1648 791 autom
1670 733 1755 805 quod

135 852 209 906 tione
222 848 309 904 Filius
323 845 423 901 dicitur
435 860 467 900 os
483 862 491 899 c
509 842 562 899 Ore
584 841 731 908 reficimur,
746 855 795 896 ore
808 838 915 895 oscula·
964 834 1147 906 suspenditur
1159 832 1254 903 procul
1274 829 1358 886 dubio
1373 829 1407 884 ab
1422 828 1485 884 imis
1501 828 1630 883 elevatur.
1646 826 1745 882 Anima

134 957 207 1008 ntur,
229 955 277 996 ore
298 937 447 1009 loquimur.
473 932 554 990 Pater
576 942 666 989 artum
686 932 755 988 lilio
774 932 852 1004 quasi
868 944 915 986 oro
963 942 1029 997 ergo
1048 924 1227 996 suspendium,
1243 922 1333 994 elegit,
1349 931 1379 977 ut
1402 935 1465 976 ossa
1485 920 1647 985 moriantur,
1669 920 1744 990 qula,

133 1032 245 1103 proprio
262 1045 291 1087 se
306 1028 401 1097 reiicit,
415 1027 479 1100 quia
494 1042 542 1096 per
562 1042 623 1082 eum
637 1026 774 1097 propriam
790 1024 915 1079 uolunta·
964 1022 1029 1076 dunt
1043 1020 1142 1076 mentis
1153 1021 1268 1075 intentio
1278 1019 1311 1074 ad
1325 1019 1378 1074 alta
1395 1018 1562 1083 sublevatur,
1574 1016 1663 1071 omttis
1676 1015 1702 1070 in
1715 1027 1746 1070 ss

134 1135 189 1180 tent
207 1122 320 1194 perleeit
345 1129 393 1177 aut
418 1119 549 1191 impleuit.
568 1117 697 1173 Similiter
719 1133 752 1173 eo
772 1115 851 1188 quasi
868 1129 916 1171 ore
964 1113 1097 1194 ¹fortitudo
1106 1114 1250 1169 exterioris
1261 1112 1324 1168 uitae
1340 1122 1461 1168 necatur.
1476 1110 1581 1165 Dicitur
1594 1109 1676 1164 etiam
1687 1106 1745 1162 lor·

135 1216 247 1286 proprio
267 1215 393 1269 numanae
413 1222 518 1268 nstttrae
539 1211 663 1267 osculum
680 1209 753 1265 dedit
774 1221 916 1263 cumeum
965 1207 1055 1263 titudo
1074 1205 1213 1262 saecularis
1232 1205 1389 1280 dignitatis,
1405 1204 1476 1260 unde
1493 1201 1546 1258 lob
1571 1202 1604 1258 dc
1628 1199 1747 1272 superbo

135 1307 205 1364 Filio
229 1307 326 1374 univit,
341 1305 465 1361 similiter
488 1304 597 1360 locutus
610 1311 653 1358 est
669 1302 695 1357 ei
715 1317 762 1356 ore
783 1301 846 1368 isto,
868 1314 916 1369 per
966 1301 1023 1356 ait:
1045 1298 1112 1355 Ossa
1135 1298 1199 1369 ejus·
1210 1296 1287 1369 plenu
1301 1306 1361 1353 suot
1378 1298 1465 1368 adipe,
1480 1296 1545 1367 quia
1566 1309 1600 1351 cx
1615 1295 1748 1365 dignitate

135 1402 225 1473 ipsum
239 1398 411 1471 praedicando
427 1397 538 1452 mundo.
553 1395 658 1451 Dicitur
668 1394 760 1464 iustus
774 1407 915 1463 perquem
966 1392 1089 1448 saeculari
1100 1390 1228 1460 superbia
1239 1390 1370 1446 nuscitur.
1382 1388 1480 1445 llulicr
1492 1389 1572 1444 ctiam
1592 1396 1699 1458 sumpts
1713 1386 1749 1444 dc

136 1492 256 1565 loquitur
276 1491 414 1557 Dominus,
435 1488 526 1545 unde:
541 1487 576 1544 Os
600 1487 708 1541 Domini
730 1485 844 1539 locutum
866 1493 914 1539 est.
965 1483 1049 1538 latere
1069 1482 1120 1538 uiri
1139 1481 1212 1538 dicta
1229 1491 1273 1536 cst
1296 1497 1326 1537 os
1345 1480 1371 1536 iu
1389 1479 1498 1537 Genesi.
1515 1478 1600 1534 ddam
1619 1479 1747 1534 dicebat:

137 1580 280 1658 Eleganter
294 1586 376 1641 ltonto
388 1585 479 1654 justus
494 1597 524 1637 os
539 1579 645 1635 Doutiui
657 1586 838 1647 nuncupatur,
852 1574 916 1646 quin
967 1570 1025 1627 lloc
1039 1589 1107 1628 nunc
1119 1590 1148 1630 os
1161 1589 1194 1627 rc
1209 1573 1310 1629 ossibus
1324 1572 1398 1626 orcis
1412 1570 1516 1627 Dicitur
1535 1571 1616 1626 etiam
1638 1569 1703 1625 lllud
1715 1583 1748 1625 os
1820 1610 1824 1615 .

137 1681 165 1735 in
181 1695 213 1734 eo
230 1677 311 1734 Pater
332 1677 513 1747 proloquitur,
530 1672 616 1729 Filius
639 1671 784 1743 eloquitur.
799 1667 916 1742 Spiritus
966 1667 1039 1740 quod
1060 1678 1183 1723 remanet
1209 1682 1240 1723 ex
1261 1666 1340 1724 olivis
1365 1667 1484 1737 eliquato
1505 1665 1575 1732 olco,
1598 1663 1746 1719 secundum

107 1791 110 1796 ⁴
135 1770 265 1841 loquitur.
281 1767 363 1824 Pater
375 1768 547 1839 proloquitur
567 1765 593 1820 in
615 1771 720 1829 sancto,
738 1763 847 1833 quando
860 1761 916 1833 pri·
931 1732 953 1787 Β
966 1755 1039 1826 quod
1053 1770 1185 1814 vorsutus
1198 1756 1328 1828 reliquias
1341 1756 1473 1812 olivarum
1487 1770 1558 1812 ossa

135 1877 210 1934 rtrum
230 1868 257 1915 et
270 1857 418 1929 principale
437 1856 561 1922 uerbum,
585 1853 611 1909 id
633 1860 675 1908 est
692 1850 788 1916 Filius,
801 1850 917 1903 mittitur
1003 1843 1141 1914 Osculum,
1158 1847 1276 1919 proprie.
1298 1847 1403 1905 Dicitur
1424 1849 1592 1914 incarnatio,
1614 1849 1687 1904 unde
1719 1848 1748 1903 iu

134 1953 163 2009 itt
181 1960 315 2009 sanctum.
335 1950 421 2006 Filius
437 1964 502 2004 uero
515 1947 652 2018 eloquitur
663 1942 772 2016 quando
783 1939 916 2012 spirituali
965 1939 1044 1995 Cant.
1063 1958 1070 1995 c
1088 1938 1229 1995 osculetur
1251 1956 1292 1994 mc
1312 1940 1401 1997 osculo
1417 1942 1471 1995 oris
1486 1942 1643 2012 sui,·quare
1657 1941 1749 1996 ittcar-

135 2033 161 2100 u't
180 2044 290 2115 speciali
299 2042 388 2098 'modo
407 2052 503 2098 sancto
523 2038 675 2095 inlunditur
698 2035 744 2107 qui
759 2045 824 2089 tunc
839 2041 915 2089 extra
966 2031 1041 2096 nstlo
1064 2031 1196 2100 liguretur
1216 2046 1265 2102 per
1287 2032 1422 2097 osculum,
1448 2032 1573 2101 superius
1593 2033 1748 2103 expositum

136 2141 296 2191 consuetum
308 2132 417 2188 modum
432 2129 562 2201 loquendi
574 2128 706 2199 loquitur.
718 2124 836 2196 Spiritus
851 2138 916 2179 san·
966 2133 1018 2181 est.
1030 2124 1133 2181 Dicitur
1143 2125 1296 2197 cnattqelica
1308 2124 1449 2192 doctrina,
1464 2125 1534 2181 unde
1550 2125 1590 2180 sic
1601 2132 1689 2194 potest
1700 2140 1749 2180 ert·

135 2233 197 2281 ctus
210 2225 238 2279 in
254 2231 349 2279 sancto
363 2221 485 2292 loquitur
501 2219 611 2292 qnando
626 2218 687 2290 ejus
707 2217 790 2275 menti
806 2215 918 2271 mirabi·
966 2216 1031 2287 poni
1057 2218 1183 2288 predicta
1200 2217 1349 2273 auctoritas
1365 2235 1372 2272 ε
1399 2217 1539 2274 osculetur
1551 2233 1592 2271 me
1609 2215 1708 2283 osculo,
1720 2216 1749 2273 id

135 2314 199 2369 liter
213 2312 374 2368 infunditur.
389 2311 495 2366 Dicitur
512 2310 594 2365 etiam
617 2308 760 2379 suggestio
775 2307 916 2373 daemonis,
966 2318 1009 2366 est
1020 2310 1162 2381 praescntia
1179 2310 1340 2383 evangelico
1360 2311 1499 2367 doctrince.
1517 2308 1620 2367 Dicitur
1634 2311 1747 2367 uerbum

135 2405 207 2462 unde
221 2406 339 2477 legitur:
355 2403 517 2459 lucretium
532 2402 588 2457 orit
601 2401 658 2472 ejus
670 2402 730 2472 quis
747 2400 855 2455 introbit
865 2402 878 2452 ?
888 2399 917 2454 lu
967 2402 1161 2471 adulatorium,
1176 2402 1249 2458 unde
1266 2402 1292 2457 in
1312 2402 1358 2458 lib.
1378 2400 1522 2473 Sapientis
1536 2420 1543 2455 ι
1557 2399 1668 2456 lleliors
1687 2409 1750 2457 sunt

131 2497 255 2554 inedium
268 2497 368 2568 quippe
381 2495 507 2567 oriscjus
524 2495 627 2551 intrare
637 2503 679 2551 est
690 2493 845 2550 calliditatis
858 2491 918 2563 ejus
967 2495 1047 2550 omici
1058 2494 1212 2566 corriperetis
1227 2493 1303 2548 serbo
1320 2510 1398 2564 quom
1410 2493 1500 2549 osculo
1518 2492 1686 2548 blandientis.
1702 2491 1749 2550 Di·

134 2596 217 2645 uerba
250 2599 407 2661 penetrare,
435 2597 466 2643 ut
489 2602 662 2660 nequaquam
697 2595 826 2659 pensetur
851 2584 917 2657 quid
967 2584 1039 2640 citur
1053 2585 1118 2640 nnio
1133 2585 1217 2656 pacis.
1236 2584 1307 2640 unde
1321 2584 1487 2656 Apostolus:
1505 2582 1628 2640 Salutate
1646 2599 1689 2639 uos
1704 2585 1748 2639 iu·

135 2692 265 2741 resonant
289 2696 340 2739 occ
364 2696 418 2754 quo
447 2681 598 2736 intendant.
626 2677 731 2736 Dicitur
756 2677 918 2748 predicator
967 2677 1048 2730 sicem
1062 2675 1151 2731 osculo
1165 2676 1248 2745 poris,
1261 2674 1288 2730 id
1299 2675 1452 2731 estuuiotte
1467 2676 1552 2746 pacis.

136 2775 306 2840 Antichristi,
321 2776 393 2830 unde
405 2760 501 2845 legitur
512 2771 540 2826 in
552 2769 603 2828 lob
616 2789 623 2827 :
635 2769 675 2825 De
686 2761 730 2825 o'rc
744 2769 801 2839 cius
812 2767 916 2838 tempu·
1006 2767 1120 2835 Ostium,
1133 2766 1250 2839 proprie,
1268 2766 1341 2823 unde
1351 2768 1379 2822 in
1395 2766 1541 2839 Evangelio
1554 2787 1561 2823 :
1576 2768 1694 2836 Quinou
1707 2767 1750 2823 irt-

133 2867 180 2923 ‹trs
194 2867 346 2938 procedunt.
361 2864 436 2922 Sicut
455 2864 482 2919 bi
501 2864 548 2937 qui
562 2862 703 2936 provident
723 2861 805 2928 oculi,
818 2861 858 2918 sic
869 2859 916 2931 qui
969 2868 1021 2913 tros
1032 2874 1078 2930 per
1096 2858 1203 2913 ostium.
1226 2857 1329 2914 Dicitur
1350 2857 1486 2925 Christus,
1502 2860 1574 2917 unde
1590 2862 1649 2932 ipse
1662 2859 1747 2916 dicits

135 2960 283 3029 predicant
306 2975 337 3017 os
354 2956 569 3015 corrotunsed
585 2957 619 3013 de
642 2957 761 3013 bocore
780 2955 918 3026 lampades
969 2948 1026 3020 Epo
1052 2965 1111 3003 turn
1141 2949 1247 3004 ostium.
1274 2949 1378 3006 Dicitur
1407 2950 1549 3008 brachium
1582 2952 1656 3021 Nili,
1676 2953 1749 3009 undc

136 3061 252 3117 meunt,
275 3052 339 3121 quia
364 3057 468 3105 mentes
500 3046 667 3126 audientium
690 3045 724 3100 ad
745 3059 866 3100 amorem
886 3046 954 3135 lic
969 3049 1072 3109 septem
1099 3039 1226 3094 dicuntur
1252 3039 1306 3095 Nili
1331 3041 1402 3097 nstin
1427 3057 1487 3099 esse
1514 3059 1577 3114 quae
1600 3025 1751 3117 cataduplae
1796 3049 1809 3068 ⁶

136 3143 179 3198 «tei
203 3144 363 3200 accendunt.
389 3141 492 3197 Dicitur
519 3138 661 3195 doctorum
692 3136 821 3203 scientis,
847 3136 919 3191 unde
969 3129 1012 3184 uel
1028 3130 1314 3186 cataractaedicuntur.
1328 3129 1432 3189 Dicitur
1443 3149 1491 3190 cor
1503 3135 1663 3204 bumnnum,
1677 3137 1750 3193 unde

135 3233 254 3292 turannos
269 3252 276 3288 c
291 3234 414 3291 Potestas
424 3249 549 3305 equorum
572 3233 600 3287 in
620 3247 665 3287 ore
685 3240 710 3286 et
727 3231 755 3284 lo
773 3226 864 3285 eonor,
875 3245 919 3284 ω.
969 3218 1087 3278 loannes
1101 3222 1129 3276 in
1147 3220 1232 3291 dpoc.
1247 3240 1254 3276 s
1272 3220 1338 3277 Ecce
1350 3224 1426 3293 putto
1445 3226 1481 3279 od
1501 3226 1607 3282 ostium.
1623 3225 1750 3285 Citristus

137 3338 195 3375 rum
213 3331 280 3377 etot.
304 3320 333 3377 ln
357 3321 545 3394 nequissimis,
561 3319 684 3392 inquam,
696 3319 919 3390 praedicatoribus
970 3313 1003 3369 sd
1019 3314 1119 3369 ostium
1132 3314 1222 3385 pulsat
1232 3315 1340 3386 quando
1351 3317 1502 3373 libertatem
1515 3317 1619 3374 arbitrii
1633 3318 1666 3374 ad
1681 3320 1751 3376 benc

137 3412 239 3483 ubique
259 3413 362 3469 carnali
386 3413 505 3483 impulsu
527 3412 700 3469 currentibus
724 3412 753 3467 in
775 3426 823 3467 ore
844 3419 872 3467 et
890 3413 918 3467 in
970 3405 1253 3486 operandumtnrtsat.
1270 3406 1341 3464 Elin
1355 3408 1484 3480 dpostulo
1499 3428 1506 3465 ε
1521 3408 1752 3484 Etostiumopcr·

138 3506 231 3562 caudis
249 3513 380 3575 potestas,
394 3504 457 3575 quia
479 3505 532 3576 ipsi
548 3504 657 3575 quidem
677 3518 804 3575 perverso
822 3519 872 3561 soa
885 3503 919 3560 (lo
970 3506 1027 3550 tunt
1040 3505 1080 3551 cst
1095 3496 1159 3550 utili
1174 3496 1202 3551 in
1219 3495 1341 3565 Domino,
1354 3498 1379 3554 id
1395 3508 1437 3555 est
1453 3499 1535 3557 corda
1546 3490 1644 3572 ¹aperta
1659 3501 1693 3557 ad
1708 3518 1751 3558 re·

137 3596 193 3653 Duo
220 3597 375 3666 praedicant,
391 3595 438 3652 sed
451 3596 646 3666 temporalibus
657 3596 837 3666 potestatibus
847 3595 917 3664 lulli,
969 3587 1123 3658 cipiendum
1140 3587 1326 3661 Euangelium.
1338 3589 1442 3647 Dicitur
1455 3592 1617 3650 desidcrlum
1631 3595 1751 3651 carnalis

138 3704 186 3759 per
201 3702 231 3742 ea
245 3702 306 3758 quse
316 3695 389 3740 retro
403 3689 468 3741 suut
479 3686 610 3741 exaltant.
970 3679 1207 3749 concupiscentie,
1227 3681 1299 3736 unde
1319 3682 1345 3736 in
1364 3681 1531 3756 Evangelio:
1547 3684 1614 3741 Cum
1635 3687 1750 3742 arcteris

176 3776 222 3842 Os,
245 3778 328 3842 ossis,
353 3776 472 3848 proprie.
490 3775 596 3833 Dicitur
618 3778 756 3833 robustior
778 3778 805 3832 io
828 3778 920 3836 Erolo.
970 3771 1041 3825 intra
1055 3771 1214 3839 cubiculum,
1227 3782 1252 3826 ct
1272 3773 1362 3828 clauso
1379 3777 1458 3842 ostio,
1481 3787 1533 3832 etc.
1548 3776 1623 3834 Ostia
1646 3779 1751 3836 claudi·

139 3869 180 3925 sia
207 3868 264 3935 Dei,
288 3868 359 3924 unde
381 3868 495 3925 David:
526 3868 594 3925 Orsa
619 3886 676 3925 mea
696 3872 765 3926 sicut
794 3873 920 3928 cremium
970 3878 1033 3920 mus
1047 3878 1109 3920 cum
1124 3863 1258 3921 desideria
1277 3866 1370 3921 illicita
1387 3883 1556 3927 coercemus.
1570 3869 1674 3929 Dicitur
1688 3888 1752 3929 sun·
1792 3927 1795 3932 .

138 3969 276 4015 ocurrunt.
303 3959 409 4017 Dicitur
429 3961 515 4017 robur
531 3962 573 4016 uel
595 3962 693 4029 virtus,
715 3962 785 4019 uude
813 3963 918 4020 Dat-id:
970 3965 1032 4014 ctus
1049 3958 1223 4029 predicator,
1248 3959 1319 4014 unde
1344 3957 1415 4017 tob:
1435 3962 1501 4029 Quis
1526 3964 1653 4021 conclusit
1676 3965 1751 4021 ostiis

140 4051 213 4108 Sanc
225 4070 275 4119 me,
292 4051 412 4118 Domine,
426 4053 550 4125 quonium
572 4052 729 4109 conturbata
751 4064 812 4110 sttttt
832 4057 920 4112 omnio
971 4064 1044 4103 marc
1054 4049 1066 4103 l
1078 4046 1161 4114 Mare,
1178 4048 1203 4104 id
1219 4059 1260 4104 esi
1274 4059 1365 4105 lumbe
1375 4052 1595 4121 persequendum
1606 4052 1752 4110 conclusus

138 4161 199 4201 osso
221 4162 288 4200 mco.
309 4145 413 4202 Dicitur
436 4146 586 4217 apostolus,
612 4146 684 4203 unde
711 4146 815 4202 Dauid:
833 4146 920 4204 Forte·
972 4142 1083 4213 quando
1097 4143 1182 4199 sancti
1198 4143 1247 4198 viri
1263 4144 1341 4215 quusi
1357 4142 1480 4216 quaedam
1501 4144 1572 4199 ostia
1586 4150 1683 4200 cittttca
1705 4155 1751 4200 tu-

139 4247 212 4306 runt,
227 4249 291 4304 etc,
309 4238 541 4293 dinumeraturum
553 4239 643 4294 omitia
657 4255 717 4294 osso
732 4256 799 4294 mco.
815 4239 921 4296 Dicitur
971 4249 1075 4289 morem
1088 4236 1307 4305 persequentium
1326 4235 1453 4307 oppositi.
1470 4234 1575 4291 Dicitur
1588 4236 1751 4302 intellectus,

139 4330 230 4398 ratiu;¹
240 4331 314 4401 quia,
328 4331 441 4386 sicutos
451 4340 494 4387 est
506 4332 603 4388 durius
614 4347 707 4400 carne,
716 4333 753 4387 ita
770 4333 840 4388 ratio
855 4348 921 4388 sen·
972 4323 1045 4379 unde
1069 4323 1098 4379 5¹¹
1123 4323 1280 4395 Pl⁰l¹¹0¹³²
1307 4324 1341 4382 Et
1364 4343 1411 4396 per
1435 4326 1540 4398 ‘filisa
1564 4329 1754 4401 pocopqulocic

67 4418 70 4430 '
140 4422 277 4485 sualitate,
287 4421 366 4491 justa
380 4436 461 4492 quam
473 4422 698 4494 significationem
710 4432 798 4494 potest
809 4425 919 4493 exponi,
935 4416 958 4473 D
972 4416 1069 4471 ostium
1094 4416 1122 4470 itt
1145 4416 1276 4482 11011ῑί11*
1297 4427 1444 4488 portorum.
1468 4418 1663 4493 Gazottltylucia
1689 4429 1755 4478 sunt

140 4513 305 4572 conturbate
318 4522 378 4568 sunt
390 4515 479 4570 curnis
498 4530 557 4570 osso
576 4532 644 4571 turo.
662 4514 767 4571 Dicitur
783 4516 921 4584 Christus,
973 4506 1055 4562 wida
1068 4506 1208 4562 (¹⁰010l11m
1221 4522 1282 4577 (11¹ae
1293 4508 1412 4564 scieutiae
1421 4509 1528 4565 divilias
1543 4519 1666 4579 teitaun
1678 4509 1754 4568 lcon-

140 4609 213 4664 sicut
224 4623 272 4679 pcr
286 4606 338 4686 lob
354 4606 381 4661 in
395 4620 510 4676 persona
526 4604 739 4662 Dominidicitur
750 4604 842 4660 :vl'cllt
859 4624 923 4664 metr
972 4607 1014 4655 tes
1028 4605 1167 4668 portarum
1187 4607 1252 4654 sunt
1272 4600 1352 4655 uerba
1366 4609 1453 4672 atque>
1467 4617 1548 4673 opera
1563 4593 1704 4660 doctorum
1724 4605 1754 4660 in

141 4702 300 4772 consumptis
310 4699 432 4756 cornibus
444 4699 556 4756 cdlesit
567 4716 596 4754 os
606 4715 702 4754 meum.
710 4697 738 4754 ln
749 4715 812 4755 osse
823 4700 923 4770 quippe
972 4689 1073 4762 quibus
1084 4705 1132 4747 0⁰⁸
1142 4689 1208 4747 10118
1223 4693 1414 4763 cognoscimus
1426 4695 1520 4763 quales
1530 4694 1601 4765 apud
1613 4710 1643 4751 se
1654 4695 1754 4753 intrin-

142 4791 283 4858 lortitudo,
306 4793 333 4847 in
357 4805 439 4848 carne
459 4806 524 4847 uero
548 4791 692 4848 infirmitas
712 4791 835 4863 corporis
850 4794 924 4849 desi·
973 4802 1053 4843 secus
1068 4786 1170 4843 vivant.
1190 4786 1239 4843 list
1261 4797 1351 4846 autem
1378 4790 1475 4844 ostium
1492 4806 1538 4860 prr
1555 4790 1754 4862 sinquluporo·

142 4890 250 4952 gnatus.
265 4881 333 4949 Quis
354 4898 420 4956 ergo
440 4883 565 4939 Christus
582 4891 610 4939 et
632 4881 752 4940 Ecclesia
778 4893 842 4940 sunt
868 4901 922 4940 una
972 4881 1093 4953 piplccic
1108 4882 1136 4937 itt
1162 4882 1292 4952 frontibus
1310 4893 1459 4952 portorum,
1478 4885 1542 4955 quia
1566 4886 1755 4954 unusquisque

141 4989 269 5045 persona,
283 4975 347 5045 quid
359 4990 459 5045 perus,
472 4976 524 5033 nisi
547 4975 605 5047 ipsc
624 4973 756 5032 Dominus
773 4976 924 5048 liguratur?
973 4977 1068 5032 doctor
1097 4975 1124 5029 in
1150 4974 1232 5032 corde
1263 4976 1395 5032 auditoris
1422 4976 1586 5032 intellectum
1610 4973 1696 5045 aperit
1724 4973 1754 5031 iu

142 5064 212 5133 Quid
231 5081 278 5135 per
301 5082 420 5133 carnem,
444 5069 496 5124 nisi
521 5068 652 5141 discipuli
667 5068 713 5139 qui
735 5069 762 5124 in
787 5070 924 5145 passionis
973 5064 1053 5120 dictis
1067 5072 1094 5119 cl
1107 5064 1233 5135 operibus
1248 5065 1421 5134 multiuocum
1438 5064 1557 5119 Pntrum.

141 5165 264 5227 tempore
280 5156 387 5212 inlittna
404 5158 464 5227 cius
488 5167 645 5229 sapuerunt.
657 5157 709 5215 Per
733 5158 830 5231 pellem
846 5176 921 5225 uero,
1011 5155 1220 5226 Drilopreprie.
1233 5154 1337 5212 Dicitur
1347 5157 1427 5213 etiam
1435 5156 1564 5222 Ecclesia,
1577 5156 1648 5211 unde
1659 5155 1753 5213 Domi·
1783 5209 1792 5228 ,

142 5266 204 5322 qme
218 5249 336 5305 exterior
348 5265 429 5306 carne
442 5261 534 5308 manet
547 5254 575 5308 in
591 5268 714 5324 corpore,
726 5253 790 5324 quid
803 5254 855 5310 nisi
871 5254 923 5311 illst
973 5265 1026 5307 nus
1040 5250 1067 5305 in
1084 5248 1228 5320 Evangelio
1243 5251 1314 5316 :Qui
1326 5266 1375 5303 nou
1389 5251 1470 5303 intrat
1484 5264 1530 5319 per
1537 5249 1634 5303 ostium
1647 5250 1675 5305 iu
1688 5249 1756 5306 ooilc
1854 5297 1858 5304 s

143 5349 244 5410 sunctae
255 5340 363 5397 leminae
375 5342 533 5413 ligurantur,
545 5361 606 5416 quae
620 5345 653 5400 ad
667 5344 844 5416 praeparanda
860 5328 922 5403 cor·
973 5343 1071 5398 ocium
1086 5342 1190 5399 Dicitur
1203 5342 1284 5397 etiam
1295 5343 1349 5397 cita
1362 5351 1472 5405 aelerna,
1487 5356 1522 5395 uu
1525 5341 1558 5395 le
1577 5338 1709 5398 Dominus
1726 5342 1754 5396 ln

142 5433 348 5505 porissubsidia
367 5433 547 5492 exterioribus
563 5435 677 5496 Domino
690 5437 850 5495 ministeriis
865 5455 924 5495 set·
973 5432 1141 5506 Evangelio:
1157 5432 1234 5490 Alios
1250 5451 1307 5491 oues
1327 5433 1407 5489 brice
1423 5449 1481 5506 quor
1502 5448 1554 5488 iton
1579 5442 1640 5488 sunt
1659 5450 1692 5489 ec
1708 5434 1756 5489 loc

142 5523 274 5584 ciebant?
288 5522 390 5580 Dicitur
409 5516 523 5596 nequior
538 5525 566 5581 in
587 5542 701 5598 corpore
724 5527 881 5585 Antichristi
896 5539 924 5586 et
974 5524 1048 5582 ouili.

143 5614 282 5684 solidior,
302 5617 374 5673 unde
390 5616 463 5673 lob
477 5616 544 5674 Ossa
563 5618 619 5689 cius
638 5620 706 5675 uelut
727 5620 824 5692 fistulo
846 5623 922 5687 oris,·
1012 5618 1074 5675 (tuis
1078 5621 1210 5694 proprie.
1224 5620 1347 5677 Dtcttur
1339 5635 1481 5686 innocens,
1494 5617 1758 5678 1111103111.οω-

144 5707 225 5766 turbet
240 5710 423 5769 duticbristus
439 5727 544 5781 carues,
560 5721 587 5767 ct
601 5711 629 5767 bi
640 5722 701 5768 sunt
716 5714 761 5785 qui
773 5715 806 5770 ab
821 5715 881 5771 aliis
895 5715 922 5769 iu
975 5713 1018 5768 nio
1031 5712 1166 5784 sultjccisti
1182 5713 1229 5769 sul
1243 5712 1499 5785 pistoriensem
1514 5721 1537 5768 et
1554 5714 1637 5773 icccc.
1654 5710 1773 5770 chltur'
