3992 6042
119 292 174 373 ω

664 311 977 373 tnttctllttttsttus.
996 344 1032 357 -
1046 313 1114 370 Lllt.
1136 313 1190 370 llll.

1675 323 1727 383 tot

107 417 199 503 mam
214 424 308 494 iaciat,
325 427 498 501 primumque
520 442 587 487 tuos
603 429 742 487 ruminet
762 438 858 497 actum
907 426 1120 501 ASuspectum,
1139 429 1255 501 riteque
1272 431 1380 502 modus,
1397 448 1544 506 rerumque
1564 434 1691 503 iacuitas,

110 510 219 572 Diridat
231 532 247 571 a
262 514 334 572 ialsc
346 526 588 583 recommendat
601 518 748 575 honestum

109 606 134 661 Α
149 607 232 677 turpi,
244 608 342 663 sitium
360 606 469 678 lugiens
489 611 741 679 sectatorlronesti3

108 686 254 752 Promittat
265 711 340 764 raro,
352 697 398 754 det
409 698 544 767 crebrius,
564 701 620 756 imo
634 709 769 772 petentem

107 783 221 843 Munere
232 789 389 858 praeveniat,
404 806 438 847 ne
447 791 484 848 sit
503 807 547 849 res
559 802 650 864 empta
662 803 769 865 rogatu.

108 865 139 931 ‘st
154 878 220 949 quid
232 881 380 949 promittit,
392 880 558 952 promissum
573 899 675 941 munus
688 886 822 956 adaequet,

108 962 158 1027 Vel
170 982 288 1041 superet,
302 989 337 1030 ne
348 989 378 1031 re
389 976 478 1045 major
487 990 550 1047 spes
559 976 657 1048 gaudia
670 978 773 1035 vincat,

946 517 1086 576 Praedtcus
1099 520 1221 576 succedit
1237 522 1335 590 honor,
1359 526 1488 597 praedicta
1503 529 1630 588 colorans

945 607 1019 665 Luce
1033 625 1094 677 sua,
1109 611 1267 682 nullamque
1279 611 1345 669 sinit
1358 617 1459 674 sentire
1473 620 1582 678 lituram

945 697 1100 768 Dedecoris,
1116 700 1163 756 sed
1179 710 1277 757 cuncta
1294 717 1346 760 suo
1366 706 1511 773 perlustrat
1528 710 1634 768 honore

944 787 1074 858 ilumeris,
1090 801 1119 847 et
1130 794 1240 863 proprio
1254 792 1327 850 cuitu
1341 794 1425 852 leens
1443 800 1535 856 omnia
1550 806 1638 861 uestit.

942 877 1003 936 lion
1017 881 1108 939 minus
1123 883 1257 939 irradians
1278 885 1393 943 aliarum
1408 886 1478 945 iacta
1497 906 1633 963 sororum,

942 969 1030 1037 Quam
1048 987 1110 1029 rosa
1124 983 1254 1045 cognatos
1271 974 1362 1045 liores,
1381 994 1464 1049 quam
1485 979 1591 1040 Lucifer
1603 987 1679 1056 ignes

105 1058 276 1119 Promissum
304 1066 449 1122 comitetur
481 1080 567 1137 opos,
581 1083 617 1125 ne
642 1068 719 1124 tarda
743 1071 893 1139 sequantur
943 1059 1079 1131 Sidereos,
1101 1063 1370 1136 lapidumquejuitar
1392 1070 1688 1147 carbunculusaugct;

106 1151 230 1222 ilnnera,
251 1157 365 1214 nedoni
379 1159 476 1214 merito
489 1159 634 1230 dantisque
650 1157 738 1214 iecori

107 1241 248 1311 Detrahat,
270 1256 298 1302 et
313 1245 416 1302 donum
430 1247 536 1303 minuat
549 1247 645 1304 dilatio
656 1246 759 1304 dantis.

106 1333 166 1390 lion
181 1330 248 1393 duat
259 1337 287 1393 in
299 1347 389 1395 mutus
400 1339 502 1406 varios,
516 1340 564 1397 sed
577 1338 691 1396 tirmiter
705 1340 752 1395 uni

105 1418 218 1482 insistat
233 1442 311 1486 ruens
323 1430 376 1485 lixa
392 1430 475 1498 bono,
489 1446 524 1487 ne
535 1432 643 1503 singula
656 1439 766 1488 tentam

103 1513 150 1571 tltl
160 1525 261 1585 teneat,
273 1533 324 1574 nec
336 1519 377 1576 sic
389 1519 498 1575 animus
507 1520 646 1577 discurrat
658 1520 770 1590 ubique,

103 1605 185 1674 Quod
209 1624 357 1681 nusquam.
380 1609 420 1667 Nc
442 1611 534 1684 planta
562 1626 658 1668 recens
683 1608 814 1668 translata
831 1609 887 1666 tre·

724 1700 850 1775 [queater

101 1776 198 1860 liene,
213 1800 260 1849 aut
270 1792 339 1849 uarii
354 1798 462 1851 tentiam
474 1793 663 1850 medicaminis
683 1809 763 1850 usum

101 1879 225 1939 invaleat
245 1884 423 1953 morbusque
433 1900 511 1942 mens
523 1886 564 1942 sie
577 1885 706 1941 cornibus
716 1883 799 1951 adsit,

102 1969 139 2027 tta
156 1973 241 2038 uellit
261 1974 303 2032 sic
321 1982 419 2031 cuncta
439 1974 547 2045 probet,
561 1982 592 2028 ut
610 1973 717 2044 singula
729 1972 832 2047 perdat.

99 2064 184 2138 Μ
207 2064 264 2123 Nec
279 2074 354 2139 petat
372 2066 474 2137 impelli
506 2064 629 2137 populari
653 2065 748 2134 laude,
774 2081 826 2121 nec
844 2066 887 2137 ip·

781 2155 852 2229 [sant

99 2234 225 2318 iiespnat
241 2247 372 2315 oblatam,
385 2247 439 2305 nisi
452 2247 489 2304 sit
501 2256 589 2305 serata
599 2247 691 2305 colore

98 2335 271 2410 liypncrisis,
285 2340 369 2395 verbo
380 2352 505 2411 querens
516 2354 665 2411 emungere
679 2339 797 2395 lucrunn

98 2429 171 2487 liam
197 2430 281 2489 nimis
301 2441 441 2489 austerum
464 2431 587 2500 redolet,
610 2431 658 2503 qui
684 2430 798 2503 despicit
827 2446 886 2486 om·

779 2520 854 2595 [rtem

98 2610 214 2669 Famam
227 2612 436 2684 mollescitque
457 2613 541 2671 nimis
557 2613 604 2685 qni
619 2613 726 2686 singula
741 2612 821 2670 ismae

100 2704 289 2761 lilantlimenta
310 2704 389 2775 petit,
402 2705 526 2777 populari
542 2705 651 2762 deditus
661 2720 746 2761 aurae.

100 2794 160 2851 Non
173 2795 266 2851 animo
280 2794 363 2863 incili,
387 2811 441 2853 nnn
456 2812 522 2853 aure
536 2796 647 2853 bibente
660 2794 783 2853 iasonem

100 2888 201 2944 Audiat
213 2889 368 2961 hypocritas
381 2889 486 2958 laudes,
501 2890 642 2947 mendacia
664 2888 755 2959 farne,

99 2972 230 3046 l‘alponia
242 2976 380 3046 phalerae,
393 2992 454 3048 que
473 2978 556 3034 rerba
570 2978 718 3050 sophistica
731 2979 828 3051 pingit,

100 3064 134 3121 lit
148 3067 222 3124 dulci
241 3067 353 3124 laudum
364 3070 455 3126 sonitu
472 3068 616 3126 citharizat
626 3069 653 3125 in
668 3085 735 3126 aure

100 3155 209 3227 iiiritis,
226 3167 253 3215 et
268 3160 359 3216 rendit
372 3159 467 3219 laudes
484 3161 519 3218 ad
533 3162 654 3234 pondera
668 3162 743 3219 doni.

397 3284 512 3353 celui
548 3295 582 3353 Vt

367 3378 520 3445 Honestutit
544 3388 625 3445 dono.

97 3478 163 3577 νῬοει
178 3497 294 3554 rationis
308 3513 375 3568 opes
391 3508 419 3555 et
431 3508 536 3555 tantum
553 3497 800 3568 munis,lionestas

98 3574 272 3644 ilresaururn
301 3595 405 3642 reserat
433 3587 586 3658 proprium,
612 3590 795 3667 juvenemque
819 3612 883 3654 sna·

775 3685 846 3758 [ium

98 3762 246 3826 Custodem
259 3769 383 3826 decernit
397 3780 491 3840 opum,
509 3774 622 3844 deponit
641 3775 668 3830 in
684 3775 731 3832 illo

99 3856 237 3932 Quidquid
260 3861 352 3929 habet,
375 3862 518 3933 insomne
543 3865 586 3923 sui
609 3866 776 3924 transfundit
796 3869 822 3925 in
846 3870 881 3926 il·

766 3957 844 4032 [ium.

100 4041 216 4103 lntanns
227 4044 314 4104 uitare
327 4054 429 4114 monet,
444 4063 480 4105 ne
493 4045 565 4104 lama
578 4049 693 4119 laboret,

100 4127 139 4191 Ne
149 4136 238 4193 uicina
253 4138 341 4195 bonos
359 4135 458 4196 mant
475 4141 599 4212 contagia
615 4156 715 4199 mores.

102 4224 136 4284 Ut
153 4229 247 4284 sitiunt
264 4228 360 4300 fugiat,
379 4237 505 4285 naturam
525 4230 630 4303 diligat,
642 4231 709 4290 illud

101 4312 178 4382 Quod
206 4318 312 4376 lacinus
331 4322 434 4392 peperit
453 4322 596 4390 damnans,
618 4325 691 4395 quod
718 4340 801 4397 praua
828 4336 879 4386 ro·

742 4417 846 4491 [luntas

102 4497 206 4569 Edidit,
221 4502 389 4573 amplectens
403 4503 535 4575 quidquid
553 4510 650 4562 natura
665 4509 777 4564 creauit.

101 4587 157 4648 lion
179 4594 315 4663 homines,
337 4595 385 4653 sed
406 4606 529 4652 monstra
546 4611 655 4666 carens,
670 4608 698 4655 et
708 4600 823 4657 crimina
838 4602 879 4657 ria

745 4686 841 4761 [taust

101 4766 145 4832 Sic
165 4776 270 4834 instans
283 4777 360 4844 nitio,
374 4778 447 4849 qudd
463 4782 554 4834 retulit
569 4786 662 4849 parcat
673 4779 770 4837 leonori
785 4799 793 4837 t

101 4863 127 4922 ln
141 4883 285 4926 commune
299 4870 398 4938 botrus,
420 4886 454 4928 ne
472 4870 519 4926 iux
532 4870 689 4928 abscondita
703 4888 784 4944 parce

100 4954 209 5028 luceat,
228 4970 256 5017 et
270 4960 376 5018 iructus
394 4961 441 5019 det
460 4963 548 5019 virtus
565 4962 657 5020 clausa
672 4965 812 5021 minores:

100 5042 213 5106 interius
225 5051 334 5108 sibimet
345 5059 376 5108 nt
388 5052 467 5123 pauci
480 5052 563 5119 uiuat,
579 5060 607 5108 et
627 5062 703 5111 extra

101 5127 134 5194 ln
150 5142 254 5212 plures,
270 5144 345 5199 intus
363 5144 416 5200 sibi
431 5143 533 5212 cicens,
547 5144 672 5215 pluribus
691 5155 778 5203 extra.

100 5225 135 5288 tte
151 5234 253 5291 mundo
273 5245 367 5290 natum
387 5248 418 5290 se
431 5233 534 5302 credat,
555 5244 584 5293 ut
599 5234 726 5292 ominibus
740 5237 830 5292 omnis

99 5318 204 5397 Pareat,
220 5338 248 5386 et
260 5328 369 5400 sapiens
383 5341 444 5385 sese
462 5336 610 5399 cognoscat
623 5328 650 5383 in
668 5328 726 5384 illo.

100 5410 137 5471 Ne
151 5418 209 5478 loca
223 5422 365 5493 denigrent
381 5418 494 5490 samam,
509 5435 545 5477 ne
559 5428 680 5493 tempora
696 5420 811 5478 reddant

941 1150 1081 1208 desistens
1098 1152 1246 1212 Phronesis
1260 1157 1329 1227 pluit
1343 1162 1434 1217 omnia
1455 1162 1528 1220 dicta
1550 1166 1574 1200 ⁸⁸
1588 1165 1707 1239 Sophite.

940 1237 999 1296 Nou
1014 1241 1074 1299 illas
1091 1242 1205 1315 largitur
1218 1260 1294 1315 opes,
1310 1260 1372 1318 quae
1392 1266 1464 1322 saepe
1480 1265 1619 1323 potentum

939 1329 1085 1387 Excaecant
1110 1333 1228 1397 animos,
1243 1338 1433 1407 etmajestatis
1452 1341 1582 1399 honorem

939 1416 1083 1488 inclinant,
1098 1422 1227 1479 miuultnt
1241 1424 1324 1496 leges,
1338 1435 1364 1482 et
1374 1428 1437 1498 jura
1455 1433 1608 1503 retardantq

939 1503 992 1562 Sed
1009 1508 1100 1577 potius
1119 1510 1203 1566 donat
1224 1511 1382 1569 thesaurum
1404 1522 1514 1586 mentis,
1528 1532 1555 1578 et
1567 1538 1663 1584 omnes

938 1593 1051 1673 Divitias
1065 1597 1149 1654 animi
1164 1616 1171 1654 ε
1186 1615 1256 1672 quas
1274 1603 1321 1673 qui
1336 1607 1420 1662 semel
1437 1610 1545 1681 accipit,
1566 1615 1636 1672 ultra

937 1681 996 1740 Non
1008 1695 1079 1758 eget,
1094 1688 1149 1744 imo
1163 1692 1245 1748 semel
1261 1692 1362 1753 ditatus
1375 1712 1481 1771 semper
1492 1701 1623 1761 abundat.

937 1773 1058 1841 Quarum
1074 1789 1164 1837 rcctus
1178 1796 1264 1847 arnor,
1279 1788 1418 1855 possessio
1442 1792 1554 1861 nobilis,
1570 1810 1639 1855 usus

938 1861 1028 1932 Utilis,
1054 1867 1146 1923 utilior
1166 1869 1286 1942 largitio,
1301 1873 1407 1934 iructus
1426 1879 1580 1942 abundans.

936 1956 1001 2015 iiaec
1014 1969 1057 2016 est
1069 1976 1134 2032 gaza
1148 1965 1214 2034 poli,
1239 1970 1301 2024 coeli
1315 1970 1472 2045 thesaurus,
1487 1976 1626 2039 inundant

936 2047 1040 2116 Gratia,
1060 2066 1122 2122 que
1145 2053 1240 2113 doctos
1258 2057 1337 2128 ditat,
1356 2078 1417 2133 quae
1432 2068 1547 2138 prodiga
1560 2070 1651 2145 largos

936 2139 1001 2195 Vult
1014 2156 1199 2213 possessores,
1214 2155 1242 2202 et
1263 2148 1425 2221 dedignatur
1442 2168 1552 2217 erasos.

935 2230 1017 2317 394
1040 2232 1139 2291 Clarrsa
1155 2238 1240 2307 perit,
1254 2238 1351 2297 diffusa
1366 2244 1453 2314 redit;
1475 2247 1527 2305 nisi
1543 2254 1652 2323 puolica
1662 2259 1718 2331 iat,

935 2321 1059 2392 labitur,
1083 2335 1111 2383 et
1123 2326 1222 2386 multas
1235 2332 1308 2390 rires
1323 2336 1440 2406 acquirit
1462 2342 1564 2400 eundo.

934 2408 993 2470 lion
1007 2416 1073 2474 istas
1090 2419 1211 2490 depascit
1230 2437 1296 2494 opes
1312 2428 1418 2500 rubigo,
1434 2447 1485 2491 nec
1500 2436 1572 2508 ignis
1661 2426 1666 2433 ⁴

935 2503 1061 2575 Deuorm,
1086 2519 1134 2565 ant
1148 2511 1218 2570 iuris
1242 2516 1341 2573 minuit
1362 2521 1513 2594 subreptio,
1530 2532 1629 2605 mergit

934 2593 1123 2670 Naufragium,
1143 2602 1213 2659 tollit
1225 2606 1326 2674 praedo,
1339 2608 1504 2682 depauperat
1518 2617 1616 2679 hostis.

932 2680 988 2744 iiec
1007 2689 1096 2745 solum
1119 2690 1264 2763 phronesis
1279 2698 1385 2755 conten
1398 2716 1448 2759 sua
1464 2703 1537 2761 dicta
1554 2708 1589 2780 ⁸⁹,
1608 2715 1654 2768 sed
1677 2707 1718 2774 ui-

1640 2813 1683 2864 ira

932 2868 1068 2957 Procedit,
1087 2875 1165 2946 jubet
1182 2880 1295 2937 ancillas
1309 2883 1333 2917 ⁸·
1348 2900 1486 2956 exponere
1500 2802 1640 2965 quidquld[

932 2959 1061 3030 Possunt,
1081 2973 1109 3021 et
1133 2969 1251 3039 quodam
1269 2976 1417 3033 certtmine
1437 2977 1553 3039 tundere
1567 2988 1649 3046 dona.

895 3075 917 3133 c
933 3050 1124 3110 Grammaticae
1146 3056 1271 3116 doctrina
1288 3065 1364 3133 prior
1376 3076 1509 3143 praecepta
1523 3073 1632 3147 Sophiae

933 3142 1068 3230 dnmplet,
1087 3153 1116 3202 et
1134 3148 1161 3203 tn
1181 3148 1308 3219 juvenem
1330 3154 1469 3215 descendit
1491 3171 1564 3233 tota,
1579 3184 1628 3224 nec
1643 3170 1670 3226 ln
1685 3185 1717 3229 se

933 3232 978 3290 Fit
990 3236 1095 3302 minor,
1108 3238 1164 3294 imo
1180 3241 1267 3313 magis
1289 3256 1416 3304 crescens
1437 3254 1591 3321 grandescit
1614 3259 1642 3315 in
1656 3262 1713 3319 liin.

933 3321 1020 3381 omne
1040 3327 1112 3397 quod
1132 3329 1220 3400 ipsius
1243 3332 1365 3391 decernit
1378 3340 1483 3411 regula,
1497 3356 1585 3403 canon

932 3409 1067 3483 Praecipit,
1084 3425 1112 3470 et
1124 3416 1208 3474 dictat
1221 3421 1289 3477 arus
1305 3436 1420 3481 censura
1433 3431 1582 3504 magistrae,

871 3547 876 3555 .
932 3500 961 3557 ln
981 3503 1070 3561 dotem
1081 3506 1192 3578 juvenis
1204 3512 1320 3577 confert,
1333 3518 1460 3576 neieina
1475 3537 1597 3584 moneret

931 3590 1006 3649 Citra
1027 3599 1243 3668 grammaticam
1260 3614 1294 3658 ne
1307 3606 1391 3663 verbo
1402 3609 1536 3670 barbarus
1546 3616 1629 3683 erret,

932 3682 1077 3742 Barbaries
1089 3703 1170 3758 quam
1186 3691 1260 3748 nnlla
1286 3704 1373 3762 notat,
1387 3698 1427 3756 sic
1438 3717 1504 3775 ergo
1514 3704 1645 3777 loquendi

931 3772 1024 3841 Recte,
1039 3777 1229 3851 scribendique
1245 3783 1317 3840 uiam
1328 3797 1459 3855 sectatur,
1468 3801 1496 3848 et
1508 3802 1595 3850 artem

930 3862 1104 3935 Asseqnitur,
1119 3868 1231 3926 damnat
1254 3873 1362 3943 titium,
1382 3878 1533 3951 toleratque
1545 3883 1678 3955 figuram:

931 3953 1153 4029 Periundensque
1169 3961 1256 4017 virum
1276 3962 1387 4036 Pegasei
1401 3979 1510 4026 nectare
1520 3970 1614 4041 iontis,

931 4041 1023 4100 'l'urba
1038 4055 1190 4116 poetarum,
1204 4050 1284 4108 docet
1304 4053 1380 4109 illum
1405 4058 1487 4112 renna
1511 4059 1597 4133 ligare

930 4132 1034 4193 iletris.
1047 4145 1073 4193 ct
1086 4139 1157 4197 dulci
1170 4155 1282 4198 carmen
1303 4144 1447 4218 depingere
1458 4149 1596 4220 rhythmo.

1222 4261 1336 4331 CAPUT
1352 4264 1395 4333 tl.

896 4380 1035 4456 phcqict'e
1047 4385 1138 4441 cirtae.
1153 4385 1307 4456 iiietcrieoe,
1323 4392 1506 4462 arithmetice,
1519 4400 1635 4467 musicoe,
1651 4420 1712 4473 pec·

987 4455 1098 4524 metrice,
1113 4457 1273 4529 astrologice,
1297 4460 1560 4534 emolumenturn
1582 4471 1665 4530 douc.

930 4585 1056 4645 Succedit
1068 4589 1175 4663 logice
1199 4594 1286 4652 virtus
1297 4607 1403 4668 arguto,
1417 4614 1467 4657 nec
1480 4600 1552 4673 alget

927 4675 1039 4737 Munere
1050 4679 1193 4755 Pygmaeog
1214 4700 1308 4741 uerum
1322 4690 1460 4746 contendit
1483 4691 1510 4747 in
1526 4692 1573 4749 illu

928 4769 1061 4843 Spargere
1075 4774 1194 4841 divitias,
1207 4786 1234 4832 et
1244 4777 1325 4833 dandi
1339 4778 1413 4835 laxat
1427 4782 1573 4844 habenam.

929 4860 992 4919 ilaec
1009 4864 1088 4921 docet
1111 4876 1236 4938 argutum
1254 4867 1366 4925 iiartom
1391 4871 1506 4929 rationis
1526 4874 1607 4943 inire,

928 4952 1140 5028 Aduersaepartl
1161 4958 1332 5025 concludere,
1360 4959 1486 5034 frangere
1501 4965 1576 5021 uires

928 5044 1084 5118 Oppositas,
1104 5058 1262 5121 partemque
1275 5067 1354 5108 suam
1369 5055 1474 5111 ratione
1487 5055 1577 5111 tuerit

929 5137 1072 5210 vestigare
1086 5138 1179 5211 lugam
1192 5142 1261 5209 reri,
1276 5141 1432 5217 laisumqns
1452 5144 1557 5214 iugarc,

929 5227 1124 5287 schismaticos
1142 5232 1239 5304 logice,
1265 5232 1389 5304 salsoque
1406 5232 1551 5289 retundere
1564 5230 1673 5301 iratres,

928 5326 962 5382 Et
987 5322 1193 5394 pseudologicos
1204 5333 1231 5382 et
1244 5325 1382 5381 denudare
1403 5324 1552 5395 sophistas.

929 5420 1037 5477 Adsunt
1053 5420 1196 5475 rhetoricae
1213 5416 1303 5474 cultus
1321 5416 1456 5487 floresque
1468 5413 1604 5481 morum,

721 5571 834 5630 tlutAE
855 5572 1056 5633 tscttoltlts.

133 5674 219 5744 “Nn
255 5685 301 5754 tt,
320 5685 402 5742 dona.
432 5685 457 5720 ⁸⁸
491 5684 574 5743 dona.
600 5684 626 5722 ⁰⁰
661 5682 947 5755 incidentesque
971 5694 1033 5742 sunt
1045 5685 1223 5751 iuueniores,
1249 5701 1295 5740 scu
1309 5691 1380 5740 ortes
1393 5682 1527 5742 illerum.

254 5783 390 5846 larunt.
412 5782 503 5847 CCX.

1515 5773 1553 5838 i!
