3992 6042
121 211 196 271 ιιι.
668 189 1201 265 crunnuurtmcnnnarnnmss
1692 200 1772 262 rra..

122 338 280 390 satumntes
291 329 396 403 regium
410 341 535 394 currum
547 324 715 399 quandoque
728 325 817 383 roseis
829 322 906 381 tort·
920 323 1020 392 hono
1034 324 1109 382 dulci
1126 324 1218 382 souitu
1232 322 1367 381 citharam
1382 320 1514 380 mentitur
1528 319 1646 389 abuda,

122 425 177 481 bos
191 422 410 495 sanguinabant}
426 418 574 490 aliquando
587 418 688 475 llorum
702 416 776 473 loliis
787 416 912 473 liliabant
995 416 1064 473 Cum
1081 418 1156 474 volat
1172 417 1205 473 ad
1221 430 1355 487 superos,
1369 415 1591 486 colloquiturque
1603 412 1675 470 hivi.

122 515 290 572 albentibus.
303 512 395 579 l'lora,
407 512 550 567 camisiam
564 510 703 582 byssinam
716 523 798 579 qnam
811 506 911 564 urarito
962 505 1097 578 Splendor
1108 507 1224 563 lascivas
1237 514 1383 577 argenteus
1396 506 1481 561 edidit
1492 521 1575 566 aves.

123 617 261 673 texuerat,
279 614 309 660 nt
326 604 386 674 ejus
399 611 554 661 moreretur
566 603 723 672 amplexus,
735 600 911 672 prodigaliter
995 598 1025 654 ln
1041 599 1184 669 fluviisque
1197 598 1269 654 diem
1285 597 1407 668 jusserat
1421 613 1483 653 esse
1496 612 1589 653 suum.

122 696 223 769 uirgini
240 694 425 765 presentavit.
441 691 626 763 Proserpina,
655 701 717 748 toro
728 691 818 749 mariti
831 690 910 747 lasti·
960 688 1109 745 Discursus
1123 689 1191 745 varii
1214 688 1298 743 lentis
1312 688 1416 759 garrire
1430 688 1550 749 videres.

123 789 184 844 dito
199 786 320 853 tartarei,
337 786 371 842 ad
394 800 513 856 superna
528 784 692 855 repatrians,
711 800 769 842 snae
787 785 910 856 impera·
995 779 1128 851 Prologus
1141 780 1168 834 in
1183 794 1310 835 somnum
1326 794 1452 833 murmur
1463 780 1554 833 cuntis
1569 786 1638 833 erat.

124 880 203 936 tricis
217 879 305 935 noluit
316 877 473 934 defraudari
486 877 642 948 praesentia.
658 876 812 934 Terrestria
826 878 909 932 ctiam
961 871 1175 945 Splendorisque
1188 875 1231 926 sui
1250 870 1319 927 lucie
1334 869 1396 926 lons
1410 870 1456 925 illo
1470 870 1596 940 rogabat,

124 971 265 1037 animalia,
279 971 373 1027 neseio
386 986 441 1043 qua
461 970 578 1028 docente
601 978 711 1038 natura,
724 969 797 1041 jocis
818 968 911 1025 indul·
996 965 1032 1022 tn
1042 979 1092 1023 sua
1105 963 1230 1020 delesses
1242 964 1339 1034 pocula
1357 972 1447 1019 sumat
1461 962 1553 1017 homo.

124 1064 214 1134 gendo
233 1063 373 1129 lascivius,
397 1061 559 1134 virginalem
584 1062 705 1120 didicere
723 1061 908 1133 praesentiant.
1183 1054 1289 1111 Novaro
1301 1052 1526 1124 Alanoioquivur.

125 1154 174 1210 Sic
200 1169 291 1209 rerum
316 1152 481 1208 universitas
503 1153 538 1209 ad
571 1152 688 1225 virginis
717 1150 805 1207 fluens
829 1150 909 1205 ohse-
994 1150 1053 1207 liae
1092 1149 1176 1222 igitur
1206 1146 1372 1203 avrroenantis
1418 1144 1550 1214 temporis
1579 1142 1748 1213 inventute,

123 1246 231 1316 quium.
248 1246 318 1300 miro
332 1245 483 1302 certamine
496 1243 640 1301 laborabat
651 1242 705 1301 sibi
720 1241 834 1313 virginis
847 1255 910 1313 gra·
959 1240 1043 1298 nullis
1072 1255 1165 1295 rerum
1191 1236 1343 1293 cxltilarata
1372 1232 1528 1298 lareribus,
1551 1231 1670 1302 priorem
1692 1231 1748 1285 rir-

124 1335 192 1390 tiam
203 1351 372 1405 consparnre.
959 1349 994 1406 go
1019 1349 1073 1388 non
1099 1331 1187 1403 potnit
1208 1338 1362 1399 temperare
1390 1325 1549 1391 tristitiam,
1574 1323 1621 1378 sed
1636 1338 1749 1379 currum

124 1424 250 1497 Floriger
262 1426 419 1482 horrentem
432 1426 572 1499 Zephyrus
587 1427 726 1483 laxaverat
739 1440 854 1493 annom,
958 1426 987 1483 in
1011 1433 1085 1479 terra
1109 1421 1279 1486 humilians,
1295 1418 1416 1489 propriis
1438 1415 1554 1470 bornum
1580 1413 1750 1469 venustando

163 1512 346 1587 distinguens
360 1516 455 1571 Boreae
471 1517 562 1588 praelia
577 1531 644 1588 pace
660 1517 714 1573 sui.
851 1570 853 1573 ,
958 1513 1098 1587 vestigiis,
1124 1512 1159 1568 ad
1186 1527 1230 1567 me
1252 1508 1352 1582 pudico
1374 1506 1499 1577 pervenit
1521 1505 1641 1562 incessu.
1661 1503 1750 1572 Quam

124 1603 266 1662 Grandine
280 1605 528 1677 perlususllornm,
542 1609 612 1679 pluit
624 1609 837 1680 llleligustrnm,
959 1620 1107 1682 postquam
1138 1604 1208 1661 mibi
1239 1601 1360 1674 quadarn
1398 1597 1450 1654 loci
1477 1598 1650 1669 proximitate
1688 1610 1751 1667 per·

163 1695 196 1752 Et
205 1702 291 1768 pratis
305 1699 403 1755 hornut
418 1700 502 1771 jussit
515 1701 606 1758 inesse
620 1701 708 1759 nives.
961 1703 1056 1777 speri,
1083 1702 1112 1757 in
1147 1698 1247 1754 laciem
1284 1692 1436 1758 decidens,
1473 1697 1607 1755 merrtem,
1639 1698 1751 1757 stupore

128 1787 192 1854 l'er,
206 1790 285 1861 quasi
299 1790 365 1846 lullo
378 1807 477 1858 novus,
494 1794 648 1863 reparando
662 1793 744 1863 pallia
758 1793 847 1864 pratis
960 1794 1139 1857 numeratus,
1169 1787 1244 1852 exui,
1281 1795 1411 1855 totusque
1435 1781 1465 1836 iu
1490 1779 1609 1836 exstasis
1648 1777 1751 1832 ahena·

164 1874 267 1935 llorurn
279 1883 420 1938 succendit
437 1884 551 1940 muricis
565 1886 628 1956 igne
645 1894 734 1957 togas.
962 1885 1037 1940 tione
1049 1880 1182 1950 sepultus,
1197 1892 1248 1933 nec
1258 1876 1349 1941 virus,
1361 1890 1412 1931 noc
1422 1881 1550 1928 mortuns
1562 1870 1633 1925 inter
1644 1878 1752 1923 utrum·

125 1969 256 2028 Reddidit
268 1972 413 2029 arboribus
426 1974 517 2031 crines
531 1990 601 2045 quos
617 1977 714 2031 bruma
734 1975 867 2043 totondit,
961 1991 1016 2046 qne
1030 1971 1202 2028 laborabam.
1220 1968 1306 2035 Quem
1320 1966 1399 2037 virgo
1420 1961 1603 2019 amicabiliter
1624 1960 1750 2030 erigens,

164 2065 299 2124 Vestitum
313 2083 454 2139 reparans,
469 2083 551 2138 quem
564 2069 627 2124 tulit
641 2071 699 2140 ipsa
715 2070 802 2141 prius.
926 2106 930 2115 .
962 2064 1045 2137 pedes
1070 2061 1161 2116 ebrios
1187 2055 1387 2122 sustentando,
1413 2067 1544 2109 mannum
1578 2049 1769 2106 eunlortabat

125 2156 249 2229 'l'empus
262 2168 321 2214 erat
332 2174 387 2230 quo
398 2160 473 2231 larga
485 2174 552 2216 suas
563 2161 693 2231 expandit
706 2161 734 2216 in
747 2159 833 2234 agris,
962 2157 1047 2230 200
1060 2153 1169 2220 solatio,
1188 2165 1287 2220 meque
1299 2148 1357 2206 suis
1371 2144 1532 2203 innectendo
1547 2140 1751 2211 complexibus,

163 2250 304 2320 applausu
317 2248 465 2322 Dryadum,
478 2252 565 2322 gratia
579 2253 652 2329 rcriq
664 2269 741 2322 opes.
804 2288 808 2297 .
962 2262 1080 2319 meaque
1099 2260 1146 2301 ora
1160 2242 1268 2314 pudicis
1287 2238 1389 2297 osculis
1413 2234 1601 2300 dulcorando,
1623 2231 1753 2287 mellilico

126 2339 189 2408 Quo
201 2340 266 2395 dnm
279 2341 368 2411 major
381 2342 454 2398 inest
467 2344 554 2399 virtus
566 2343 683 2417 inlantia
696 2345 806 2411 llornm,
963 2339 1100 2398 sermonis
1126 2333 1307 2392 medicamine
1330 2346 1347 2386 a
1373 2328 1495 2397 stuporis
1527 2325 1624 2380 morbo
1647 2320 1753 2378 curavit

163 2432 254 2490 Altius
264 2448 416 2505 emergens,
433 2446 521 2493 matre
535 2436 636 2493 recedit
650 2438 744 2493 houm.
964 2428 1115 2485 infirmnm.
1138 2422 1206 2490 Quae
1219 2429 1364 2493 postquam
1381 2415 1448 2470 mihi
1463 2428 1507 2469 me
1521 2410 1655 2467 redditum
1671 2408 1753 2465 intel·

127 2524 191 2593 Qut»
205 2525 432 2596 violaespecutum
449 2536 529 2583 terrm
540 2528 675 2584 cunabula
690 2529 807 2600 lingens,
864 2560 866 2565 »
964 2520 1047 2585 levit,
1071 2517 1098 2572 in
1121 2512 1236 2570 mentali
1257 2508 1397 2575 intellectu
1420 2502 1572 2561 materialis
1587 2500 1662 2559 vocis
1684 2498 1754 2557 mihi

167 2616 245 2675 heris
259 2617 366 2672 alliatus
379 2618 499 2687 postulat
513 2633 561 2675 ore
580 2633 661 2673 novo.
963 2608 1088 2681 depinxit
1110 2604 1276 2676 imaginem,
1302 2614 1365 2655 cunr
1389 2596 1469 2668 quasi
1493 2594 1641 2664 archetypa
1669 2590 1753 2647 verba

129 2706 249 2780 Tempus
263 2718 322 2765 erat
337 2726 393 2780 quo
406 2719 480 2766 terra
496 2718 577 2780 caput
594 2710 851 2774 stellatarosarnm,
965 2702 1088 2760 idealiter
1097 2699 1291 2770 percontexta,
1306 2689 1438 2747 vocaliter
1462 2685 1592 2757 produxit
1606 2684 1633 2739 in
1648 2691 1753 2742 actum.

164 2798 310 2856 Contendit
322 2800 393 2857 coelu
412 2800 501 2856 sidere
513 2801 592 2872 plena
612 2817 674 2858 suo.
964 2793 1042 2849 lleul
1059 2788 1162 2861 iuquit,
1174 2801 1236 2858 quae
1251 2781 1413 2855 ignorantiae
1433 2778 1562 2843 caecitas,
1576 2789 1638 2846 quac
1650 2772 1754 2829 aliena·

130 2890 214 2962 289
227 2889 287 2958 Quo
299 2891 395 2947 vexilla
413 2906 510 2963 gerens
528 2893 616 2948 vetatis
629 2894 788 2966 amygdalus
804 2902 896 2952 ortum
966 2880 1006 2937 11⁰
1018 2877 1133 2943 meum,
1148 2889 1211 2944 (lim
1224 2870 1354 2929 dellffilii
1365 2880 1513 2932 Sensum,
1528 2879 1589 2934 lluae
1604 2860 1753 2917 infirmam)

165 2983 312 3053 Praedicat,
327 2992 355 3039 et
368 2985 440 3040 veris
451 2985 551 3056 gaudia
567 2984 635 3041 llere
649 2994 737 3043 vocat.
926 2982 949 3041 c
965 2970 1096 3035 rationis,
1113 2978 1160 3022 tuo
1177 2960 1326 3020 intellectui
1342 2958 1444 3015 nubem
1457 2955 1614 3026 apposuitt,
1630 2951 1752 3009 arritnum

132 3074 193 3144 Quo
207 3077 270 3132 ritis
286 3086 422 3149 gemmata
437 3078 530 3145 sinus,
546 3078 671 3148 amplexo
685 3078 799 3136 maritos
966 3059 1092 3119 0¹⁸¹¹¹³¹¹⁸
1106 3054 1213 3125 mediis
1228 3066 1327 3107 sensus
1338 3045 1477 3104 hsshiffllil
1495 3042 1662 3114 Ρθῑθῦῑῑθῦῑι
1678 3054 1755 3142 mliii·

170 3164 258 3233 illut,
274 3168 309 3222 de
321 3177 401 3238 partu
417 3169 519 3238 cogitat
533 3170 592 3240 ipsa
604 3185 664 3225 suo.
966 3164 1023 3212 mm
1037 3145 1170 3219 compulit
1183 3151 1325 3215 egrotare,
1339 3147 1370 3195 ut
1383 3153 1439 3193 non
1459 3134 1550 3191 solum
1567 3143 1621 3189 tuae
1637 3140 1754 3187 uutrrcts

131 3255 281 3313 Proscribit
294 3259 397 3314 brumae
414 3260 513 3317 solaris
527 3274 623 3316 cereus
634 3261 761 3317 umbram
966 3239 1096 3300 familiari
1121 3234 1277 3307 cognitione
1298 3237 1345 3286 tua
1363 3224 1542 3296 intelligentia
1565 3221 1753 3284 defraudetur,

167 3348 274 3421 cogens
288 3350 416 3405 exsilium
437 3349 538 3422 frigora
556 3358 653 3406 cuncta
670 3351 724 3421 pati
967 3349 1064 3392 verum
1086 3330 1169 3386 etiam
1184 3336 1314 3397 tanquam
1336 3328 1520 3377 monstruosae
1536 3313 1665 3415 imaginis
1680 3308 1756 3411 novi·

133 3439 202 3496 hltls
217 3455 279 3494 cum
293 3441 389 3496 bruma
405 3440 485 3495 latuit
496 3441 667 3511 phantastica
682 3441 776 3510 silvis,
967 3437 1023 3486 late
1032 3420 1211 3498 percussa‚in
1221 3433 1289 3474 meae
1299 3410 1478 3485 apparitionis
1486 3417 1558 3475 ortu,
1569 3416 1615 3462 tua
1624 3404 1755 3502 discretio

169 3533 256 3604 Quam
272 3534 347 3590 silvae
359 3533 431 3589 loliis
450 3531 655 3589 ieceratumbva
670 3548 776 3589 recens.
967 3523 1088 3595 patiatur
1109 3509 1255 3573 occasum?
1276 3506 1362 3563 Cura
1384 3512 1432 3561 tna
1453 3498 1586 3557 memoria
1611 3510 1665 3550 met
1685 3491 1765 3555 taen,

132 3626 192 3684 Jarn
207 3627 267 3683 llori
283 3642 368 3697 parvo
382 3625 456 3682 luno
473 3626 549 3682 dedit
562 3625 645 3681 ubera
663 3626 750 3692 roris,
969 3606 1140 3685 peregrinari
1161 3600 1305 3665 notitiam,
1321 3597 1349 3653 iu
1373 3607 1429 3666 quo
1443 3601 1633 3655 meaqmunera
1648 3599 1692 3639 rue
1715 3583 1755 3687 lo:

169 3718 230 3788 Quo
242 3720 360 3791 primum
375 3728 469 3789 partus
482 3718 564 3772 lactet
576 3718 686 3773 alumna
699 3732 776 3774 snos.
968 3713 1102 3778 quuntur,
1115 3713 1176 3769 quae
1192 3706 1219 3752 te
1235 3702 1275 3750 tot
1294 3686 1490 3750 mundatorum
1510 3679 1651 3754 pmtargis
1675 3676 1755 3734 beau

133 3809 255 3883 Tempus
265 3821 323 3867 crat
334 3809 431 3865 Plroehi
445 3824 501 3881 quo
516 3816 624 3864 mortua
638 3807 761 3879 gramina
775 3806 863 3863 virtus
967 3791 1148 3852 muneribus?
1165 3803 1227 3859 (11¹ae
1239 3801 1254 3840 ³
1268 3794 1314 3840 1⁰³
1331 3783 1442 3838 ineunte
1464 3783 1558 3840 aelele.
1571 3771 1619 3827 Del
1633 3778 1766 3873 auctoru,

60 3925 68 3937 ·
171 3904 308 3970 Suscitat,
324 3912 351 3959 et
365 3901 479 3957 tumulis
491 3915 604 3970 surgere
616 3907 715 3955 cuncta
727 3897 815 3968 jubet.
968 3886 1090 3951 vicaria,
1108 3890 1170 3937 1²¹²
1192 3874 1412 3947 &simillima
1433 3867 1585 3939 le{immuni
1610 3874 1664 3965 ¹¹}ae
1693 3869 1757 3916 ΨΜ

135 3991 196 4061 Quo
211 3993 343 4048 mucidum
359 3990 443 4046 iacies
457 3970 578 4045 vernalis
595 3989 655 4044 laeta
669 3996 793 4055 serenat,
968 3974 1094 4036 ordinavi
1106 3967 1294 4030 curriculum!
1307 3979 1368 4037 quae
1386 3960 1451 4017 olim
1472 3957 1513 4012 tui
1526 3970 1650 4027 eorporis
1667 3960 1755 4007 mate·

171 4083 205 4139 iit
219 4085 354 4155 iacrymas
367 4080 468 4139 hiemis
483 4081 563 4152 tergit
576 4080 612 4137 ab
627 4096 675 4137 ore
690 4096 750 4138 sno.
969 4070 1041 4127 riam
1059 4064 1212 4123 adulterina
1228 4052 1415 4131 primordialis
1429 4049 1553 4107 materiae
1563 4045 1683 4150 essentia
1703 4043 1757 4097 llus

134 4176 215 4233 heris
233 4185 263 4231 ut
275 4175 337 4230 lidei
352 4191 383 4232 se
394 4172 445 4231 dos
457 4173 627 4228 committere
644 4173 742 4244 possit,
969 4169 1120 4224 ctnantem‚
1136 4156 1164 4212 in
1185 4165 1281 4210 verum
1305 4162 1367 4205 esse
1390 4141 1528 4217 produxil
1552 4153 1632 4241 copus
1650 4135 1757 4197 vultum

169 4267 227 4325 Nec
241 4267 335 4324 liorem
350 4267 469 4337 primum
484 4265 595 4335 frigoris
612 4274 674 4320 urat
688 4265 792 4322 biems.l
971 4255 1102 4311 miserata
1117 4245 1289 4311 deformem,
1304 4239 1383 4311 quasi
1402 4237 1436 4292 ad
1459 4248 1503 4290 me
1526 4230 1650 4287 crebrius
1665 4225 1760 4292 declar,

134 4359 198 4428 0·ιο
212 4358 347 4413 mundum
359 4355 480 4412 Phoebus
494 4356 593 4411 hiemis
606 4363 718 4427 torpore
736 4367 886 4429 gementem
931 4334 1122 4410 Dmatrtem',
1147 4340 1275 4394 humanae
1311 4328 1412 4403 speciei
1438 4321 1600 4401 signaculo·
1623 4318 1758 4418 sigillavi,

170 4448 287 4515 l’isitat,
302 4456 328 4503 et
340 4447 401 4502 laeta
413 4445 474 4503 loce
487 4447 586 4502 salutat
597 4461 670 4502 eum.
970 4448 1088 4506 eamque
1097 4427 1220 4486 honestis
1231 4423 1381 4494 figurarunt
1393 4413 1563 4487 orphanam·
1575 4417 1757 4477 ornamentis,
1786 4502 1790 4509 ,

133 4540 263 4599 Proxima
278 4556 334 4612 quo
349 4539 457 4596 senium
476 4537 588 4608 deponit
602 4539 733 4607 temporis
748 4547 831 4608 aetas,
971 4522 1134 4585 melioribus
1147 4513 1303 4573 lormatis¹'
1319 4507 1441 4566 vestibus
1463 4499 1628 4561 honestavit
1650 4499 1677 4554 in
1702 4513 1757 4569 qua

172 4634 205 4691 Et
219 4634 338 4689 mundus
354 4630 447 4689 senior
461 4629 557 4700 incipit
570 4644 632 4685 esse
645 4644 723 4701 puer.
973 4618 1009 4679 ad
1021 4612 1145 4686 eorporis
1157 4605 1311 4666 muctam
1333 4600 1457 4658 diversas
1479 4593 1665 4652 membrorum
1683 4589 1758 4645 ordi·

135 4723 197 4792 Quo
212 4722 333 4780 Phoebus
345 4730 453 4779 oocteru
468 4706 587 4792 propriis
602 4720 769 4791 depauperat
790 4718 882 4784 horis,
972 4724 1043 4767 naus
1052 4705 1072 4739 ¹¹
1085 4699 1217 4769 officinas,
1227 4696 1254 4750 ln
1269 4692 1364 4749 eadem
1375 4689 1407 4757 ¹¹·
1419 4702 1517 4744 sensus
1527 4682 1606 4756 quasi
1620 4694 1758 4787 elilim

171 4814 362 4886 Pigmaeusqnc
379 4813 438 4869 dies
453 4812 549 4884 incipit
560 4826 622 4869 ense
634 4811 720 4883 gigas.
973 4798 1093 4860 civitatis
1106 4790 1235 4852 excubias
1248 4787 1362 4858 vigilate
1379 4780 1514 4854 praecepi,
1530 4786 1560 4831 ut
1581 4791 1660 4846 quast
1683 4780 1758 4876 earm

136 4905 199 4975 Quo
214 4914 292 4978 parat
305 4904 454 4975 hospitium
468 4902 592 4971 Phoebo,
609 4903 745 4974 solvitque
761 4901 894 4957 tributum
972 4908 1068 4953 rorum
1093 4887 1214 4946 hostium
1238 4880 1417 4953 provisores,
1445 4887 1545 4947 eorpus
1572 4869 1607 4933 ab
1630 4876 1757 4964 exteriora

172 4998 244 5055 Grex
260 4998 367 5064 ovium,
381 4997 504 5069 gaudens
519 4995 625 5066 hospite
641 4995 700 5052 sole
711 5009 795 5065 pecus
973 4981 1180 5058 importunitate
1204 4970 1397 5033 delenderent.
1422 4975 1453 5024 ut
1470 4965 1511 5021 sie
1533 4961 1618 5064 totius
1634 4968 1758 5027 corporis

135 5088 199 5156 Quo
211 5088 362 5144 Philomela
376 5089 419 5145 sni
432 5088 552 5144 celebrat
564 5086 697 5142 solemnia
711 5086 801 5151 veris,
973 5078 1088 5139 materia
1105 5068 1285 5129 nobilioribus
1297 5073 1401 5123 natura
1415 5063 1635 5153 purpuramento
1649 5054 1757 5152 ornata,

174 5174 265 5255 Odarn·
274 5182 370 5237 melliti
381 5181 513 5237 carminis
523 5195 570 5237 ore
584 5194 686 5235 canens
702 5197 710 5234 ε
976 5172 1011 5230 ad
1028 5167 1138 5239 nuptias
1152 5161 1279 5236 gradiens
1290 5199 1298 5225 ,
1309 5154 1411 5212 marito
1428 5146 1542 5222 Spiritui
1568 5152 1671 5243 grabes
1691 5153 1758 5209 Jun-

136 5270 170 5331 lu
181 5274 262 5346 enjus
276 5274 347 5330 lesto
363 5289 413 5332 soa
428 5272 546 5346 gutturis
560 5288 662 5344 organa
677 5272 785 5342 pulsat,
976 5271 1103 5338 geretur,
1118 5272 1153 5312 ue
1167 5252 1284 5309 maritus
1299 5263 1357 5304 suae
1371 5241 1496 5342 coniugis
1508 5235 1710 5331 delormnatem
1721 5227 1760 5283 ia·

176 5364 213 5424 lJt
224 5367 337 5439 proprio
349 5367 491 5438 proprium
507 5366 634 5438 predicet
651 5379 699 5420 ore
712 5364 805 5419 deum.
976 5354 1108 5420 stidicns,
1127 5347 1187 5418 eius
1208 5340 1340 5399 relutaret
1361 5326 1540 5404 coni⁰t¹¹¹¹¹¹l
1562 5323 1653 5380 Tuum
1675 5328 1758 5377 ΜΝ

772 5471 887 5531 VhlllAE
905 5464 1106 5532 tentiones

97 5527 109 5623 J
141 5566 670 5716 ussfflmmml’ll'''⁶⁶⁶¹20il0wil·
710 5562 925 5627 'Decliuauteun
962 5558 1088 5637 ⁸sigillo.
1124 5550 1291 5616 ’Privatam
1330 5544 1532 5606 ¹⁰lormarum.
1571 5532 1758 5595 ¹¹drttnataa.
