3992 6042
139 167 180 250 ea
662 195 873 255 mucronato
891 196 926 254 m
945 196 1097 257 canoros
1114 196 1254 255 esurie.
1745 195 1781 255 uo

139 308 244 375 carcer,
253 292 290 366 ut
304 310 329 344 “
340 324 376 368 au
386 309 518 382 accipitre
527 309 581 367 sibi
593 322 779 383 praecaveant,
792 313 859 386 quis
874 330 939 371 san·
953 323 977 380 Α
991 314 1121 382 eburnei,
1137 313 1164 370 id
1185 322 1229 372 est
1242 311 1334 384 lrigirli
1355 320 1384 370 et
1405 312 1485 369 casti.
1506 309 1580 366 Ebur
1596 308 1670 365 enim
1685 316 1729 364 est
1749 324 1781 364 os

140 400 334 470 ctidoetores,
348 417 421 473 aqua
440 403 574 460 doctrinae
590 404 705 475 perfusi,
729 409 820 463 securi
842 416 938 464 ιιιιιιι
989 407 1154 478 elephantis,
1167 404 1242 476 quod
1253 404 1358 460 animal
1371 401 1673 461 diciturcastissimum
1693 409 1720 456 et
1731 399 1782 454 iri·

140 492 278 565 maligno,
294 502 322 550 ιι
332 493 429 551 sedent
443 508 526 568 super
537 495 613 554 rinos
628 496 734 555 Veteris
750 498 936 557 Testamenti:
988 498 1059 570 gidae
1070 506 1186 553 naturae.
1196 494 1226 551 ln
1242 503 1336 552 saneta
1352 496 1446 567 itaque
1460 493 1584 551 Ecclesia
1598 490 1783 562 simpliciores

140 597 160 638 a
169 598 231 654 quo
240 593 371 643 emanaru
384 584 445 653 riri,
454 586 481 642 id
493 593 536 643 cst
548 589 734 659 expositiones
744 600 771 647 ct
781 592 936 649 sententiae:
988 601 1016 646 et
1030 590 1123 644 minus
1136 588 1268 656 scientes,
1285 587 1419 644 castiores
1430 595 1458 644 et
1477 585 1695 644 continentiores
1719 596 1782 638 esse

138 683 168 729 et
186 676 272 732 etiam
281 675 363 746 juste
375 678 476 747 ducitis
494 677 659 749 plenissimo,
678 681 706 737 id
723 691 766 739 est
777 682 857 754 juxta
872 700 937 741 sau-
988 682 1087 740 solent.
1108 680 1213 750 Venter,
1235 681 1360 751 inquam,
1376 680 1520 736 distinetur
1543 676 1686 749 sapphiris.
1713 673 1782 746 Sap-

139 766 182 822 cti
212 766 353 839 Evangelii
380 767 536 825 doctrinam
557 774 717 842 copiosam,
745 775 772 830 in
802 791 857 847 uua
883 790 937 832 au·
987 780 1262 854 phiruscstlapis⁸⁸
1279 779 1499 846 croccicoloris,
1515 787 1543 834 et
1559 776 1696 848 significat
1714 776 1782 832 bea-

139 857 252 915 ditores
274 858 383 930 plenius
413 877 497 932 quam
516 861 544 918 in
572 862 663 922 Veteri
688 864 865 925 Testamenta
893 869 937 925 in·
986 884 1043 930 tam
1064 889 1159 946 spem:
1178 873 1244 944 quia
1265 872 1315 944 qui
1338 879 1434 928 venter
1452 876 1518 926 ιιιιιι
1531 869 1642 940 sponsi,
1663 881 1713 938 pro
1734 880 1782 937 spe

140 957 303 1006 wlltlltltll·
986 967 1104 1024 aetherea
1121 975 1268 1038 operantur
1284 965 1356 1020 hona
1371 978 1433 1034 qua
1447 961 1563 1019 iaciunt.

179 1044 344 1103 Genoeilhnr
357 1053 428 1105 sicat
438 1050 536 1107 arecio
546 1062 709 1121 oromatum,
724 1055 833 1112 consite
847 1071 864 1110 e
878 1056 937 1127 pip-
1023 1051 1079 1109 Nec
1093 1053 1139 1109 iile
1153 1061 1248 1109 verutcr
1260 1053 1359 1123 plenus
1372 1050 1486 1119 dicitur,
1498 1050 1546 1107 sed
1560 1049 1704 1106 distinctas
1718 1062 1782 1119 sap-

140 1140 299 1195 erenteriie.
986 1147 1082 1219 phiris,
1098 1145 1135 1201 ita
1152 1146 1268 1213 scilieet,
1285 1153 1316 1201 ιιι
1326 1145 1398 1200 ἰιιιιι
1411 1142 1558 1215 sapphiros
1572 1139 1781 1214 appareatebo·

178 1230 261 1287 Genoe
273 1232 368 1302 sponsi
382 1243 460 1301 sunt,
471 1233 518 1306 qui
529 1235 751 1293 verecundantur
765 1237 799 1292 de
816 1244 935 1307 peccatis
986 1237 1026 1291 ris
1042 1235 1159 1302 candor;
1172 1238 1237 1306 qula
1253 1235 1295 1291 sic
1307 1234 1431 1292 coelestia
1443 1241 1584 1305 appetunt,
1599 1240 1630 1288 ut
1643 1232 1707 1288 inrle
1722 1239 1781 1286 ter·

139 1319 206 1378 suis
217 1330 246 1379 ιι
256 1322 387 1380 aliorum.
405 1323 514 1396 thuia
527 1341 577 1397 per
590 1342 639 1385 eos
657 1328 755 1385 teritur
775 1328 855 1387 cibus
873 1328 936 1386 aliis
985 1344 1053 1385 rena
1066 1342 1121 1384 non
1136 1327 1340 1399 derelinquant,
1355 1326 1420 1398 quia
1442 1341 1492 1397 per
1517 1326 1576 1381 hac
1600 1325 1635 1381 ad
1658 1323 1704 1380 illa
1729 1322 1781 1380 ista

136 1423 169 1471 ιι
183 1415 384 1475 transfundunt
405 1419 580 1477 auditoribus
600 1421 635 1477 dc
659 1422 763 1479 sanctis
783 1420 935 1494 Scripturis
985 1421 1158 1494 perueniunt.

137 1509 290 1567 masticare
302 1518 330 1567 et
342 1511 481 1567 ruminare
490 1513 659 1583 poterant⁸⁸.
670 1512 737 1580 Quae
746 1529 824 1587 genae
833 1514 935 1573 areolis
1023 1514 1109 1570 Crono
1133 1512 1208 1568 illios
1234 1511 1364 1568 columne
1389 1526 1556 1579 orermereoe,
1579 1527 1638 1582 pse
1659 1509 1782 1580 (arrectae

136 1609 349 1669 comparantur,
362 1601 428 1672 quia
441 1599 513 1658 sicut
533 1603 633 1661 areola
652 1614 808 1663 aromatum
828 1608 935 1679 optime
949 1654 971 1715 B
985 1614 1048 1662 sset
1059 1620 1137 1676 super
1148 1603 1225 1659 heser
1240 1620 1348 1659 career.

137 1689 304 1759 compositae
325 1698 353 1746 et
374 1691 516 1761 meinans,
536 1702 677 1766 aspectum
699 1696 864 1754 intuentium
880 1700 931 1756 cle·
1021 1694 1110 1753 Crura
1128 1695 1236 1766 sponsi,
1250 1703 1407 1766 portatores
1427 1703 1493 1750 sunt
1514 1691 1637 1749 nominis
1661 1690 1734 1761 ejus,
1749 1696 1781 1745 ut

138 1782 263 1850 lectant,
288 1782 385 1855 eisquc
407 1785 519 1843 morem
542 1801 624 1845 soum
649 1789 797 1859 propinant
820 1802 933 1862 propter
983 1788 1072 1846 saneti
1086 1788 1291 1861 praedicatores,
1303 1788 1352 1859 qui
1364 1787 1507 1844 Christum
1517 1794 1626 1858 portam
1636 1798 1686 1856 per
1697 1798 1780 1839 mun·

136 1872 346 1933 multitudinem
361 1876 510 1933 herbarum
530 1879 762 1948 aromaticarum
778 1881 817 1936 ita
830 1880 870 1936 illi
882 1882 932 1951 qui
983 1879 1050 1935 dum
1072 1888 1100 1935 et
1123 1880 1291 1934 annuntiant
1309 1894 1402 1935 corant
1425 1878 1537 1949 regibus
1556 1885 1584 1932 ct
1608 1875 1780 1946 principibus

135 1975 206 2021 sunt
218 1981 297 2037 genre
307 1967 412 2038 spousi,
429 1969 553 2025 redolent
574 1968 632 2026 Deo
644 1986 678 2027 ex
695 1970 870 2029 multitudine
883 1972 935 2027 bo·
983 1979 1014 2027 ιι
1022 1971 1086 2027 aliis
1100 1970 1149 2041 qui
1164 1970 1251 2028 sortes
1271 1979 1337 2027 suut
1358 1978 1386 2025 ιι
1404 1969 1471 2025 recti
1484 1987 1492 2036 ς
1507 1968 1572 2038 quia
1594 1968 1727 2022 resistunt
1739 1967 1781 2021 si·

136 2073 242 2115 norum
254 2072 380 2130 operum,
397 2062 456 2119 sive
469 2063 525 2119 siut
541 2063 737 2133 predicatores
753 2064 812 2121 site
824 2064 934 2123 audito·
984 2063 1032 2119 tiis
1047 2071 1076 2119 et
1091 2061 1327 2133 concupiscentiis
1345 2060 1428 2132 huius
1442 2060 1516 2125 uita,
1531 2057 1657 2131 quisunt
1671 2056 1778 2115 laudati

135 2164 195 2205 res.
209 2150 401 2222 Arecloequod
423 2161 466 2208 ιιι
486 2153 681 2212 diminutivum
706 2156 798 2226 posuit
821 2165 933 2228 propter
983 2168 1063 2226 snper
1082 2152 1159 2209 bases
1173 2168 1280 2220 eureos,
1294 2151 1320 2207 id
1334 2161 1376 2208 ιιι
1397 2149 1550 2209 sententias
1579 2148 1777 2221 prophetarum

136 2241 336 2298 humilitatem.
349 2242 476 2312 consite,
491 2244 520 2301 id
534 2254 578 2301 est
590 2245 824 2302 benellrmatreet
836 2247 933 2302 locans
983 2257 1012 2303 et
1032 2244 1239 2317 apostolorum,
1257 2244 1307 2316 qui
1331 2243 1418 2301 huma·
1442 2244 1523 2301 bases
1547 2243 1696 2308 dicuntum
1713 2243 1779 2314 quia

136 2351 154 2388 e
165 2335 366 2405 pigmentariis,
383 2335 411 2392 id
425 2344 468 2393 est
481 2351 497 2392 a
511 2336 570 2393 suis
580 2336 792 2408 plantatoribus.
804 2336 934 2410 Pigmen·
983 2338 1059 2396 nulla
1079 2348 1138 2394 aute
1151 2345 1179 2394 et
1193 2337 1269 2393 nulla
1279 2336 1468 2408 disputatione
1484 2336 1613 2392 lrunranae
1626 2335 1778 2406 sapientiae,

136 2427 202 2482 rarii
217 2424 275 2493 isti,
292 2425 318 2481 id
338 2433 381 2482 est
404 2425 582 2496 plantatores,
604 2426 720 2498 apestuh
746 2437 811 2484 sunt
825 2436 854 2485 ιι
869 2444 933 2499 pro-
983 2432 1028 2496 nel
1045 2429 1191 2487 altitudine
1204 2427 1306 2484 cassati
1321 2428 1355 2483 ⁸¹.
1366 2426 1401 2483 m
1414 2442 1505 2484 aureae
1520 2436 1595 2495 sunt,
1609 2427 1675 2498 qnia
1686 2425 1778 2482 diuina

135 2516 242 2588 phetae,
253 2530 370 2588 quorum
384 2516 462 2574 alteri
478 2516 571 2576 iutura
586 2518 646 2575 hacc
664 2518 770 2586 omnia,
781 2518 861 2576 alteri
873 2519 931 2591 jam
982 2519 1120 2590 sapientia
1131 2529 1158 2576 et
1173 2517 1301 2575 doctriua
1313 2516 1467 2590 relulgerrt3
1485 2518 1553 2573 nilutt
1580 2517 1608 2572 in
1630 2516 1716 2573 rebus
1728 2531 1779 2571 ιι·

135 2605 440 2678 iactadescripserunt.
983 2612 1126 2670 cularibus
1151 2626 1220 2669 auro
1244 2609 1410 2681 pretiosius,
1435 2608 1505 2665 nihil
1531 2609 1625 2665 diuina
1645 2608 1780 2680 sapientia

175 2699 232 2772 33
243 2697 327 2754 Labie
340 2699 643 2771 eineiiliedistiiientio
655 2701 791 2774 mprrheru
804 2705 931 2774 primam.
983 2707 1084 2764 melius
1108 2715 1136 2762 et
1149 2705 1263 2763 charius
1277 2721 1327 2776 per
1348 2704 1441 2763 eurania
1464 2702 1642 2761 ¹eorlreuienti
1662 2710 1691 2757 et
1712 2714 1780 2757 con·

176 2786 205 2843 ld
217 2796 275 2855 est,
294 2787 331 2844 illi
345 2790 392 2861 oui
408 2790 536 2860 operiunt
555 2803 659 2847 secreta
674 2791 763 2860 illius,
776 2800 842 2849 sunt
864 2792 931 2862 lilia,
983 2800 1071 2856 coedi,

136 2880 167 2937 id
181 2888 225 2937 ιιι
239 2881 360 2937 suaviter
374 2881 535 2939 redolentia.
550 2881 637 2951 Lilia,
655 2883 778 2954 inquam,
792 2884 932 2939 distiiirm·
1020 2892 1127 2963 Species
1139 2892 1197 2961 ejas
1212 2901 1242 2947 ue
1257 2889 1478 2960 Libanai,·eleetos
1493 2899 1522 2944 nt
1534 2890 1617 2945 cedri.
1778 2957 1781 2963 ἡ

136 2975 178 3028 na
195 2976 333 3043 supernam
356 2974 492 3045 priorem,
518 2974 545 3031 io
567 2984 610 3031 cst
629 2976 672 3032 sul
696 2978 968 3051 meretricationcmg
1021 2985 1143 3040 titurius
1157 2993 1200 3039 est
1219 2999 1298 3040 aroris
1321 2983 1396 3040 mirac
1410 2980 1623 3054 pulchritudinis
1637 2981 1665 3036 in
1679 2988 1779 3038 ornatu

134 3085 194 3125 non
210 3068 245 3124 ad
260 3068 380 3135 oculum,
394 3077 423 3125 et
440 3086 494 3126 non
509 3069 613 3127 hctaun
629 3069 658 3125 ln
670 3070 723 3127 hoe
741 3070 802 3128 loco
814 3072 934 3143 uirgines
984 3087 1013 3132 et
1034 3074 1209 3147 speciositate
1224 3076 1356 3131 arborum
1377 3084 1405 3132 et
1420 3089 1581 3141 nemorum
1598 3075 1638 3129 sie
1661 3080 1689 3128 ιι
1711 3071 1778 3127 dile

135 3161 167 3218 iu
190 3159 317 3219 Ecclesia
329 3162 508 3235 designantur
523 3180 531 3218 ε
546 3161 613 3231 nulli
629 3163 702 3218 enim
716 3164 806 3235 magis
827 3175 933 3221 secreta
984 3178 1046 3225 ctus
1061 3182 1140 3223 ιιιιιιι
1165 3181 1228 3221 curm
1249 3166 1379 3222 omnibns
1405 3167 1539 3222 membris
1563 3167 1624 3223 suis
1647 3166 1677 3221 in
1703 3164 1779 3222 omrri

135 3255 263 3314 celestia
279 3256 468 3328 pandebantur
482 3271 566 3328 quam
585 3239 687 3314 sanetae
701 3256 818 3330 Virgini.
983 3269 1082 3319 ornatu
1111 3271 1139 3316 ιι
1173 3258 1365 3314 corruenientia
1390 3259 1417 3295 ⁸⁰
1448 3258 1566 3313 decorus
1591 3266 1620 3313 ct
1645 3255 1780 3313 candidus

176 3347 276 3404 flaons
300 3347 376 3403 iilius
405 3347 544 3405 tornatiles
575 3364 685 3417 enrcoe,
712 3351 797 3422 pienoe
823 3350 934 3423 hpeein·
983 3363 1038 3410 ιιι.

137 3440 202 3498 ibit·
1019 3443 1075 3518 34
1093 3443 1191 3500 Guttur
1210 3442 1286 3497 illins
1300 3440 1489 3496 saevissimam
1499 3478 1509 3507 ,
1520 3446 1546 3493 ιι
1562 3445 1633 3493 totns
1643 3435 1780 3491 derideru-

176 3531 338 3604 Supradieta
359 3533 484 3591 membra
498 3535 580 3594 hahet
595 3534 765 3608 huiusmodi.
777 3538 813 3594 ht
824 3556 931 3608 menas,
983 3537 1054 3594 bilia.

88 3642 91 3649 ’
137 3640 202 3697 quae
215 3639 270 3681 uon
283 3626 401 3681 multum
416 3626 509 3685 ualent
527 3627 555 3684 in
576 3628 780 3700 predicatione,
798 3632 845 3688 sed
868 3631 934 3691 suns
1020 3628 1080 3686 linc
1094 3644 1183 3701 usquc
1200 3629 1234 3684 de
1249 3623 1452 3699 pulchritudine
1465 3630 1493 3679 et
1504 3619 1695 3680 conuenientia
1715 3635 1780 3677 cor-

137 3717 227 3776 lortes
242 3719 271 3775 in
285 3718 443 3791 operatione
456 3728 484 3776 ιι
497 3720 733 3794 eleemosynarum
744 3722 931 3796 elargitione:
983 3720 1063 3792 poris
1077 3719 1174 3791 sponsi
1193 3715 1333 3790 peroravit
1346 3728 1460 3787 sponsa.
1482 3728 1557 3768 ΝΜ
1579 3712 1614 3768 (¹0
1633 3709 1779 3767 diiidiffle

136 3808 167 3865 hi
181 3811 252 3867 tales
263 3820 328 3867 sunt
342 3811 491 3879 tornatiles,
514 3812 541 3867 id
558 3820 601 3869 est
625 3814 725 3871 tornati
742 3826 770 3871 ιι
791 3819 932 3890 purgatis
983 3813 1044 3883 ejus
1057 3827 1144 3881 pauca
1158 3809 1261 3865 intulit.
1276 3808 1328 3866 Per
1338 3816 1433 3881 guttur
1442 3806 1545 3876 quippe
1552 3818 1662 3862 omnem
1673 3818 1777 3869 eseam,

137 3903 231 3971 vitiis;
249 3912 278 3959 ut
289 3904 356 3959 nihil
372 3904 503 3975 supcrllui
515 3904 686 3976 relinquatur
697 3907 726 3962 in
740 3907 790 3964 eis.
983 3906 1042 3963 siue
1055 3904 1144 3961 dulcis
1167 3903 1204 3959 sit
1222 3903 1281 3960 sire
1293 3915 1388 3957 amara
1409 3899 1605 3970 degustamus,
1620 3895 1660 3953 ita
1678 3893 1779 3950 divine

174 3996 283 4065 Manus,
300 3999 423 4068 irriguam,
446 4014 534 4053 auree
546 4038 554 4065 ,
568 3998 595 4054 id
616 4008 659 4057 ιιι
681 3999 773 4056 (lirina
799 4002 932 4073 sapientia
982 3998 1122 4058 subtilitas
1133 3995 1321 4067 intelligentias
1334 3991 1427 4049 omnia
1438 3988 1530 4047 cordis
1541 3987 1671 4043 interiora
1685 3986 1779 4042 discu-

139 4089 260 4160 repletae.
277 4087 325 4143 llle
345 4103 411 4143 uero
425 4089 535 4158 sapiens
548 4097 600 4156 cst,
624 4089 676 4146 etsi
702 4089 816 4146 scientia
839 4101 933 4149 careat
985 4091 1017 4146 tit
1029 4098 1056 4145 et
1067 4088 1217 4144 examinat.
1232 4083 1312 4142 Unde
1323 4091 1398 4140 recte
1417 4096 1466 4154 per
1488 4078 1583 4151 sponsi
1601 4086 1692 4150 psum
1704 4075 1777 4132 diri·

138 4180 304 4249 litterarum,
318 4180 366 4251 qui
379 4180 488 4237 laborat
499 4188 527 4238 et
539 4189 668 4251 operatur
680 4189 711 4237 ut
724 4181 826 4238 tribuat
837 4197 933 4239 neccs-
983 4184 1057 4240 nitas
1077 4181 1151 4237 iilius
1172 4178 1348 4252 intelligitur,
1365 4173 1441 4247 quod
1456 4173 1647 4230 inanissimam
1665 4169 1776 4235 dicitur,

137 4272 250 4329 sitalem
272 4269 387 4341 patienti
412 4267 494 4340 (Epi.
509 4271 558 4341 ιι).
573 4269 670 4327 llanus
693 4284 758 4343 ergo
781 4271 877 4342 sponsi
901 4271 930 4328 in
983 4278 1050 4350 quia
1076 4291 1187 4334 omrrem
1213 4273 1385 4330 dulcedinem
1400 4268 1494 4326 diuina
1512 4266 1629 4324 dulcedo
1655 4271 1776 4335 superat.

138 4372 236 4421 “⁰⁰⁸³
252 4361 373 4420 Εὒθῐθθῐθ
391 4372 456 4420 ⁸⁰¹¹!
469 4363 534 4420 h⁰¹¹1
557 4372 726 4435 operatores.
749 4362 838 4420 Plehoe
860 4364 929 4435 hya·
944 4344 967 4401 ὓ
980 4368 1058 4426 Unde
1080 4369 1204 4439 sequitur
1222 4385 1230 4422 ι
1247 4364 1283 4419 Et
1300 4372 1371 4420 totns
1386 4358 1590 4424 desiderantium
1610 4355 1676 4428 guia
1695 4368 1778 4410 omne

138 4456 255 4522 methim
283 4457 448 4535 hyacinthus
472 4458 542 4529 lapis
563 4464 606 4514 est
625 4457 692 4513 aerii
716 4457 828 4515 coloris.
857 4457 929 4526 Quid
975 4462 1146 4522 ⁴desiderium
1163 4467 1329 4529 exsuperat,
1348 4456 1376 4512 in
1400 4468 1483 4527 quem
1505 4451 1663 4509 desiderant
1686 4445 1777 4520 angeli

138 4561 206 4619 erge
218 4548 246 4602 in
261 4547 427 4620 hyacinthis,
442 4549 495 4605 nisi
508 4564 572 4620 spes
591 4557 619 4607 et
638 4549 805 4607 desiderium
817 4552 930 4608 coelestc
980 4550 1179 4627 prospiceret!
1193 4551 1269 4607 Petr.
1287 4549 1319 4621 r).

140 4641 292 4712 accipiturl
318 4640 416 4697 llauus
443 4656 508 4714 ergo
535 4643 630 4714 sponsi
659 4644 814 4715 hyacinthis
842 4646 930 4716 plenae
1018 4647 1093 4703 Telis
1107 4642 1273 4701 crtdiieetns
1297 4657 1381 4709 rocus,
1401 4640 1496 4712 etipse
1516 4646 1555 4695 cst
1570 4638 1673 4692 emices
1691 4649 1775 4699 mens,

140 4741 226 4800 sunt3
243 4733 309 4805 quia
326 4733 393 4790 honi
408 4744 567 4806 operatores
590 4750 674 4807 opera
698 4752 748 4793 sua
773 4738 808 4794 arl
828 4739 928 4796 eoelum
981 4740 1048 4813 filie
1064 4737 1226 4796 Jerusalem.

139 4824 271 4896 dirigunt,
287 4827 356 4883 nihil
373 4828 436 4885 inde
453 4827 506 4883 uisi
517 4828 638 4887 coelestia
654 4840 804 4900 sperantes.
1019 4835 1090 4891 Ecce
1101 4829 1235 4902 descripsi
1248 4828 1328 4887 robis
1340 4825 1473 4895 illum,de
1483 4821 1693 4897 qooouaesistis
1706 4834 1777 4890 quaa·

181 4915 344 4991 Ventereim
357 4920 648 4988 ebornenr,distinettrs
662 4925 805 4995 sapphiris.
982 4931 1018 4987 lie
1033 4938 1116 4995 esset,
1140 4937 1168 4983 ιι
1189 4926 1268 4992 ideo,
1286 4922 1350 4994 quia
1367 4919 1430 4975 teiir
1454 4927 1494 4974 est
1518 4916 1622 4971 emicas
1637 4930 1719 4978 meos,
1734 4921 1777 4966 est

175 5006 206 5063 ln
221 5011 353 5067 membris
367 5011 481 5067 humani
493 5012 618 5082 corporis
639 5012 710 5068 nibil
730 5023 827 5071 uentre
845 5014 931 5090 iragi-
983 5018 1011 5073 in
1031 5031 1095 5073 uera
1113 5013 1270 5070 dilectione.
1286 5009 1320 5066 m
1333 5010 1399 5081 paria
1413 5008 1502 5064 sancti
1512 5006 1609 5062 Patres
1622 5004 1655 5059 de
1665 5001 1776 5058 Christo

139 5103 205 5172 lius,
222 5103 291 5159 nihil
306 5104 437 5172 tenerius,
453 5103 571 5175 ideoque
590 5119 639 5174 per
662 5115 785 5162 ventrem
806 5105 930 5180 iragilio·
983 5108 1127 5181 alirgine
1152 5105 1280 5164 instructi
1305 5111 1370 5160 sunt
1392 5101 1484 5158 adhuc
1501 5100 1535 5156 ad
1561 5099 1650 5169 ipsius
1673 5094 1775 5150 Christi

140 5208 195 5263 rea,
213 5194 243 5249 in
256 5203 352 5251 sancta
367 5192 489 5251 Ecclesia
503 5202 531 5250 ιι
546 5194 639 5250 miuus
653 5203 779 5266 potentes
790 5198 931 5269 accipiun·
976 5200 1225 5273 <investigationem
1240 5199 1268 5255 iu
1282 5198 1357 5254 hunc
1371 5195 1483 5252 modum
1507 5191 1541 5248 ad
1554 5191 1642 5261 ipsam
1656 5188 1776 5258 loquun-

139 5293 196 5355 tur,
210 5285 285 5343 sicut
306 5295 372 5341 ιιιιιι
397 5283 494 5342 rustici
517 5292 547 5341 ιι
571 5284 677 5353 idiotam
693 5295 722 5342 et
745 5297 836 5346 tamen
864 5299 930 5347 sunt
982 5303 1052 5350 tur:

772 5426 889 5483 VeilllAE
905 5427 1105 5486 absalones

174 5543 198 5577 ⁸¹
218 5541 271 5598 lle.
301 5540 399 5596 Vilior.
414 5538 547 5622 interserit
560 5538 652 5606 :Quia
667 5541 754 5597 sancti
767 5540 894 5600 doctores
907 5543 1017 5603 florentis
1031 5544 1187 5601 diuinarum
1208 5542 1415 5645 Scripturarum
1431 5541 1624 5623 irtrmorantuu.
1639 5532 1775 5591 Ceianrboe

138 5614 300 5685 asperrime
316 5609 634 5692 oquerumrcrrdenmnt.
673 5611 695 5643 ⁸¹
716 5610 768 5667 lis.
786 5624 943 5683 potueruut.
980 5617 1004 5649 ⁸⁸
1024 5614 1076 5672 ils.
1103 5616 1226 5673 aetlrcrct.
1263 5613 1274 5648 ⁸
1308 5611 1360 5667 ils.
1382 5626 1487 5668 cassan
1511 5617 1637 5682 possunt.
1675 5607 1699 5640 ⁸⁸
1719 5606 1771 5662 tle.

144 5683 254 5743 i'illnr..
276 5682 465 5743 conuenientia
487 5695 619 5741 curuons.
