3992 6042
253 255 308 311 ast
897 246 1001 303 31.le
1019 246 1064 301 tte
1084 244 1221 303 insulta
1826 243 1883 302 288

253 372 342 442 tigare
352 366 436 428 detti
449 379 566 440 ternpns,
582 373 673 422 ulrttnr
687 367 792 422 scillcet
805 366 841 422 sit
856 372 1040 436 perpetratum
1056 357 1361 449 nconrpreirendantur
1375 359 1519 426 interiora,
1536 366 1629 413 utrum
1641 358 1772 414 nimirum
1787 359 1880 416 inten-

253 472 397 531 pcceatum
413 461 497 516 indic
510 457 581 514 lusto
594 458 705 528 quando
715 457 871 527 specialiter
887 456 1042 512 feriandum
1095 470 1143 509 sus
1155 454 1191 507 sit
1210 463 1300 508 nrntns
1316 452 1416 507 meritis
1435 453 1469 507 ad
1490 451 1687 507 continendum
1702 491 1710 517 ,
1723 451 1765 506 rel
1781 453 1882 508 retnis·

254 563 296 609 εει
309 568 325 608 ιι
338 553 430 608 servili
443 567 535 621 opero,
548 551 628 605 idest
641 558 762 620 peccato.
776 548 893 606 Gratius
912 548 985 604 eninr
1001 557 1044 603 est
1096 560 1144 598 sus
1156 561 1163 609 ;
1176 544 1240 614 qrria
1253 559 1315 599 cum
1330 543 1422 598 uultus
1435 542 1470 598 sit
1486 541 1566 614 quasi
1586 541 1671 615 animi
1686 542 1859 613 signaculum
1874 587 1882 609 ,

254 643 607 715 quodlitdieltusiestivis.
832 701 838 713 ,
1097 636 1237 706 stingum,
1258 633 1613 705 perrultum,utcunque,
1642 640 1731 703 potest
1752 635 1885 703 perpendi

292 738 427 794 l’raeterea
443 745 535 791 utrum
549 737 616 792 liora
631 737 757 806 deputata
774 734 892 788 orationi
912 749 1044 802 peccare·
1095 744 1157 796 uuae
1170 727 1206 782 sit
1220 727 1346 781 noluntas
1356 725 1481 792 interna;
1496 725 1561 795 nuria
1578 724 1601 779 si
1616 726 1710 779 uultus
1722 733 1765 780 est
1783 725 1812 779 in
1827 735 1884 780 ter·

255 831 302 893 rit,
324 829 366 883 nel
389 829 463 883 alisi
484 829 594 898 granius
618 829 692 883 enirn
717 837 807 891 erest,
829 828 876 897 qui
888 835 968 881 uscos
983 840 1044 879 am·
1096 833 1155 872 rant
1172 817 1320 880 demissus,
1334 815 1442 869 lletilrus
1456 815 1586 885 irriguus,
1600 815 1722 870 internas
1740 816 1885 871 contritio·

246 903 385 990 'plexione
400 928 523 989 ternpore
537 920 656 975 orationi
671 920 812 991 deputato,
830 932 913 988 quam
925 917 990 972 3110,
1097 906 1141 960 uis
1153 906 1244 977 signat
1255 905 1394 962 cruciatus
1409 922 1416 958 ε
1438 905 1461 957 si
1475 919 1540 958 vero
1554 903 1638 959 iacies
1650 902 1732 959 luerit
1742 914 1845 970 ειεειε,
1858 913 1888 961 ει

294 1009 437 1074 Similiter,
455 1009 673 1066 circumstantiae
686 1011 818 1079 temporis
839 1008 1046 1065 considerandae
1097 997 1172 1052 nulla
1192 997 1306 1068 vestigia
1334 1012 1433 1068 gerens
1455 995 1573 1051 tristitiae
1591 996 1683 1050 minor
1702 997 1887 1053 videturesse

258 1103 408 1156 suntciroa
431 1100 485 1155 alia
506 1109 628 1171 peccata,
652 1115 702 1172 per
716 1116 786 1171 (tuas
804 1112 987 1172 aggravantur
1004 1100 1046 1155 vel
1098 1088 1270 1160 poenitentia.

258 1188 431 1245 minorantur
451 1190 536 1260 eulpae
549 1190 616 1262 (εἳ),
1133 1177 1888 1251 Peccatneorporolioetspiritualia.-Spirituolinpro·

295 1280 390 1337 Staius
415 1296 526 1352 quoque
545 1282 597 1339 loci
622 1282 840 1340 considerandus
866 1291 930 1348 est,
953 1291 1046 1337 utrum
1098 1272 1652 1344 oiorosuntcorporolidus.-Non‘soluru
1663 1274 1887 1342 peccanilswfl-

260 1372 387 1428 subditus
403 1375 556 1443 peceamrit
567 1374 594 1429 in
608 1376 669 1430 loco
691 1391 781 1440 sacro,
805 1391 838 1430 an
862 1374 1002 1446 protono?
1019 1375 1046 1430 in
1099 1366 1311 1422 εἱιιθιιιιιιιιιθὸῑ
1322 1375 1421 1433 smus,
1435 1381 1530 1421 l0l¹¹¹¹l
1560 1381 1671 1436 <l¹¹⁰l¹¹e
1685 1366 1799 1435 ιθθθιῑῖ·
1813 1366 1888 1421 ⁰⁰¹¹·

260 1463 322 1518 tneo
335 1463 456 1533 pontico,
472 1480 506 1519 an
520 1475 640 1521 secreto:
655 1467 765 1537 gravius
776 1467 849 1523 enin
863 1477 947 1531 errat,
960 1467 1007 1537 qni
1020 1467 1047 1522 tn
1099 1457 1274 1513 siderandum
1288 1458 1360 1513 enim
1374 1467 1416 1513 est
1426 1471 1517 1513 nunu
1530 1465 1670 1527 succuum
1687 1457 1723 1512 su
1734 1457 1887 1528 corporate,

259 1554 382 1609 oratorio
395 1564 499 1624 peccat,
512 1571 596 1625 quom
621 1557 731 1635 inflloeo
751 1557 888 1628 prolano,
910 1558 1047 1624 similiter,
1099 1563 1134 1603 au
1156 1549 1308 1618 spirituale,
1329 1559 1420 1604 utrum
1432 1549 1538 1603 scilicet
1553 1549 1589 1603 sit
1609 1557 1702 1604 natunr
1720 1564 1754 1603 ex
1773 1550 1889 1604 intinni-

261 1646 308 1715 nni
320 1646 346 1701 in
361 1646 423 1701 loco
436 1647 555 1716 publico,
573 1663 656 1717 qnam
668 1659 787 1705 secreto,
1102 1649 1158 1696 tate
1170 1641 1262 1697 earnis
1280 1657 1315 1696 arr
1339 1657 1372 1696 ex
1395 1641 1462 1696 vitio
1488 1641 1597 1696 auium.
1623 1641 1703 1712 187
1729 1641 1888 1712 Corporalia

297 1729 462 1802 luquireuda
479 1741 640 1804 estqnoque
652 1745 740 1802 artas,
763 1745 856 1792 utrum
876 1753 941 1795 reus
958 1739 993 1794 sit
1006 1754 1051 1795 se·
1102 1744 1193 1789 sotem
1207 1734 1337 1789 dicuntur
1348 1740 1470 1803 peccata,
1487 1747 1549 1801 quae
1570 1748 1603 1787 er
1628 1734 1785 1788 indemitate
1797 1735 1889 1790 caruis

261 1838 315 1878 nea
329 1839 363 1878 an
378 1838 447 1892 puer
460 1824 472 1878 ι
486 1826 683 1895 graviusenim
698 1836 793 1897 peccat
811 1844 913 1896 senex,
940 1829 987 1898 qui
1005 1843 1051 1884 re»
1102 1836 1273 1893 irascuntur,
1300 1834 1341 1891 ut,
1368 1825 1488 1891 luxuria,
1501 1823 1624 1894 crapula,
1648 1834 1701 1880 ete.
1729 1824 1889 1896 spiritualia

262 1930 323 1969 rum
346 1914 428 1969 ιιιιιει
452 1917 661 1985 experientiam,
680 1933 762 1988 quam
780 1935 849 1988 puer
870 1920 916 1990 qtti
933 1920 1049 1974 nnllam.
1102 1933 1180 1985 nero,
1195 1933 1256 1988 quae
1268 1933 1301 1972 ex
1315 1916 1383 1972 titio
1408 1916 1508 1972 animae
1532 1924 1693 1982 nascuntur,
1713 1926 1752 1984 ιιι,
1768 1918 1882 1985 invidio,

260 2003 486 2062 Corrsiderandus
508 2015 551 2063 est
580 2017 607 2062 et
635 2023 736 2076 setus,
763 2020 857 2065 utrum
888 2011 994 2066 scilicet
1016 2011 1053 2066 sit
1103 2007 1227 2075 auaritia,
1256 2007 1395 2077 superbia.
1417 2005 1529 2062 Celeris
1556 2015 1648 2062 atrteur
1675 2006 1889 2065 circumstantiis

262 2097 305 2151 uir
315 2097 357 2152 rel
372 2097 490 2165 mulier,
505 2100 571 2169 onia
585 2100 736 2156 secundom
749 2100 890 2171 hoe'quod
913 2117 996 2158 sexus
1009 2111 1052 2157 est
1103 2100 1241 2171 relegatis,
1253 2100 1366 2171 granius
1379 2109 1422 2154 est
1443 2107 1584 2170 peccaturo
1610 2099 1772 2170 spirituale,
1803 2117 1886 2172 quara

263 2191 351 2258 manis
364 2188 526 2256 llrmos,vel
545 2190 719 2261 imbecillior,
733 2200 776 2250 εει
790 2193 870 2263 eulpa
894 2208 985 2248 ruroor
1010 2194 1053 2249 rel
1103 2194 1254 2263 corporale.
1269 2190 1304 2248 Ut
1325 2192 1425 2247 etenim
1446 2199 1564 2246 testatur
1574 2190 1739 2262 Gregorius:
1755 2211 1765 2245 ι
1787 2190 1890 2248 Pecca-

262 2280 382 2350 prauior.
1104 2296 1161 2341 turo
1175 2284 1284 2341 carnale
1298 2295 1340 2340 est
1352 2281 1467 2353 majoris
1480 2279 1611 2348 inlamiae,
1621 2290 1649 2337 et
1665 2282 1782 2338 minoris
1793 2285 1888 2354 culpan

299 2369 433 2426 Praeterea
448 2374 621 2440 ,oonlltenda
632 2384 675 2430 est
690 2376 769 2445 origo
781 2375 897 2446 peccati,
916 2384 944 2432 et
957 2391 1053 2446 causa,
1103 2386 1245 2448 peccaturo
1261 2376 1409 2448 spirituale
1427 2374 1539 2447 majoris
1560 2384 1602 2431 est
1621 2377 1719 2446 culpas,
1732 2384 1759 2430 et
1773 2376 1890 2433 minoris

263 2461 328 2517 atsi
351 2460 422 2518 torte
441 2461 594 2520 lorrricatus
621 2465 703 2521 luerit
730 2482 821 2534 reus,
856 2468 1053 2538 inquirendum
1106 2469 1263 2526 uelamine.»

262 2553 326 2619 erit,
359 2563 451 2609 utrum
475 2556 607 2625 deceptus
639 2554 723 2613 luerit
739 2559 873 2629 pecunia,
890 2561 931 2616 vel
946 2562 1052 2631 peceati
1139 2560 1375 2617 Considerandum
1390 2567 1432 2614 est
1447 2573 1567 2630 ottoque,
1588 2565 1679 2613 utrum
1698 2566 1840 2628 peecatum
1857 2559 1892 2613 sit

265 2644 421 2714 dulcedine,
445 2646 488 2701 rel
509 2646 640 2704 cluietate
655 2666 663 2716 ;
681 2649 791 2720 grauius
818 2653 893 2706 enim
918 2661 1014 2722 penem
1032 2656 1055 2710 si
1105 2657 1139 2711 dc
1153 2669 1253 2726 genere
1266 2653 1424 2719 venialium,
1448 2652 1491 2707 rel
1512 2651 1681 2717 mortalium,
1702 2651 1767 2721 neria
1790 2667 1889 2707 εεειιε-

266 2735 353 2794 odore
369 2737 450 2804 lucri,
475 2738 518 2794 rel
542 2737 686 2795 dulcedine
703 2739 901 2810 blandimenti,
924 2758 1008 2814 quarn
1031 2746 1056 2801 ει
1106 2746 1250 2813 dumnoc,
1270 2744 1358 2817 major
1379 2743 1421 2799 uel
1444 2744 1535 2799 minor
1549 2740 1701 2798 satisfactio
1723 2741 1891 2813 injungenda

265 2828 396 2885 ebrietate
404 2829 550 2899 decipitur.
561 2827 650 2886 Simili
665 2833 758 2899 morlo,
768 2832 803 2889 de
814 2848 898 2890 causa
909 2844 938 2891 et
949 2836 1057 2908 origine
1106 2843 1158 2889 est.

266 2921 379 2980 alterius
398 2924 503 2995 peccati
518 2925 713 2996 inquirendum
733 2937 786 2984 est.
1142 2923 1287 2991 Praeterea,
1318 2921 1511 2994 inquirendum
1531 2930 1582 2988 est,
1599 2930 1691 2977 utrum
1706 2921 1824 2979 scienter
1837 2920 1893 2977 loc-

301 3013 410 3070 Peccati
442 3032 553 3089 quoque
576 3017 745 3076 diuturnitas
767 3021 967 3079 consideranda
987 3032 1032 3080 est
1046 3020 1092 3092 ,c
1108 3027 1166 3074 tum
1181 3020 1227 3086 sit,
1250 3017 1293 3074 nel
1314 3019 1488 3090 ignoranter,
1509 3016 1574 3086 quia
1588 3017 1701 3072 scientia
1717 3016 1826 3087 culpam
1842 3032 1891 3088 ag»

262 3105 328 3176 (ιιιίι
346 3107 497 3165 secundum
518 3110 570 3166 hoc
581 3110 654 3181 qnod
676 3122 819 3181 peccatum
834 3114 922 3185 magis
934 3114 1049 3172 durarit
1106 3117 1211 3181 gravat,
1234 3107 1387 3179 ignorantia
1414 3106 1539 3172 alleriat;
1562 3114 1600 3172 et,
1616 3107 1660 3161 eui
1676 3107 1769 3162 daturo
1784 3114 1826 3161 εει
1840 3105 1892 3160 do·

261 3196 305 3252 rel
318 3197 411 3255 minus
422 3214 505 3269 grane
517 3208 559 3257 est
576 3200 619 3257 vel
629 3202 751 3272 granius.
1107 3215 1172 3254 rrum
1186 3197 1300 3269 majoris
1315 3197 1446 3263 scientias,
1453 3205 1640 3268 transgressor
1651 3195 1748 3266 majori
1765 3194 1893 3265 saltiaco-

299 3286 384 3345 oetier
407 3305 519 3361 quoque
540 3292 712 3347 considerari
737 3293 1051 3364 consuetudorirendi,
1107 3290 1256 3360 lriteulpre.

263 3388 355 3436 utrum
384 3396 449 3438 reus
469 3381 505 3438 sit
528 3382 655 3439 detentus
687 3382 754 3438 vitio
780 3399 873 3454 praru
902 3395 1053 3443 consuetu·
1138 3381 1300 3453 investigari
1325 3396 1436 3453 quoque
1458 3391 1578 3455 oportet,
1594 3393 1685 3439 utrum
1697 3390 1839 3453 peccatum
1855 3382 1892 3437 slt

262 3470 345 3529 ιιιιιιι.
1105 3485 1211 3531 tanturn
1226 3476 1386 3545 uoluntatis,
1400 3492 1435 3532 sn
1448 3476 1599 3532 voluntatis
1616 3485 1643 3533 ει
1657 3474 1768 3545 operis?
1779 3474 1890 3546 pronitus

306 3564 533 3621 Considerandus
558 3565 641 3620 etiam
668 3566 835 3636 quandoque
861 3579 905 3624 est
930 3584 1055 3640 persona
1105 3574 1146 3621 est
1170 3566 1252 3622 eninr,
1267 3574 1412 3636 peccatum
1430 3565 1580 3622 voluntatis
1591 3575 1618 3621 et
1629 3565 1730 3636 operis,
1741 3578 1824 3633 quam
1843 3579 1893 3618 re-

265 3663 364 3720 statur,
377 3664 469 3710 utrum
487 3663 616 3725 peccator
639 3656 716 3713 dives
731 3656 815 3714 luerit
830 3660 871 3715 tel
888 3675 963 3729 non,
989 3679 1053 3720 nant
1104 3660 1196 3714 inritas
1211 3667 1330 3715 tanturn.
1352 3657 1431 3724 ltern,
1454 3667 1547 3714 utrum
1572 3665 1714 3728 peecatum
1737 3656 1890 3713 sittautura

265 3746 354 3817 stragis
365 3755 459 3816 peccat
471 3747 560 3814 diues.
575 3747 599 3804 si
614 3747 743 3816 iuretur,
760 3767 844 3822 quam
860 3768 974 3824 pauper,
988 3756 1054 3826 qnia
1106 3752 1132 3807 in
1147 3748 1319 3819 delectando,
1335 3765 1370 3805 au
1384 3749 1467 3805 etiam
1483 3749 1511 3804 in
1528 3748 1657 3804 volendo.

265 3836 399 3907 trrajorem
427 3852 540 3895 causam
578 3839 659 3897 natet
684 3840 857 3912 impulsivam
891 3860 996 3917 pauper
1020 3848 1055 3906 sd
1139 3845 1286 3913 Praeterea,
1308 3844 1488 3900 attendendus
1507 3853 1550 3898 εει
1569 3843 1695 3899 diuersus
1709 3852 1797 3900 status
1808 3843 1847 3899 rei
1863 3842 1891 3897 io

265 3927 380 3994 lunum,
396 3930 580 4000 qrramdlves.
1105 3954 1188 4011 quam
1219 3952 1285 3994 reus
1311 3936 1446 4007 peccauit,
1471 3936 1548 3992 nerlii
1577 3937 1677 4008 gratia:
1709 3936 1733 3991 ει
1763 3936 1894 4005 cognorit

302 4019 386 4076 ιιειιει
398 4037 508 4093 quoqm
518 4025 688 4082 considerari
706 4028 839 4097 conditio,
852 4040 945 4086 utrum
968 4031 1056 4089 laicos
1106 4031 1239 4100 aliquam,
1254 4038 1347 4085 utrum
1369 4027 1454 4086 luerit
1479 4030 1567 4085 soluta
1582 4028 1624 4083 uel
1638 4043 1704 4096 non,
1721 4036 1769 4082 sut
1783 4028 1827 4082 ille
1844 4028 1892 4098 qui

266 4114 314 4178 sit,
331 4113 375 4167 nel
388 4114 517 4183 clericos,
536 4125 628 4171 utrum
642 4117 756 4188 majoris
775 4119 880 4176 ordinis
891 4122 938 4187 sit,
951 4122 993 4176 rel
1005 4124 1057 4178 mi-
1105 4122 1244 4193 cognorit,
1264 4121 1440 4192 coniugatus,
1461 4122 1503 4176 vel
1524 4136 1597 4177 non:
1617 4119 1823 4193 Sicoojugatos
1836 4133 1892 4173 non

266 4208 358 4276 uoris;
377 4210 442 4280 quia
463 4209 616 4265 seeundum
630 4210 704 4280 quod
723 4212 825 4283 gradus
835 4222 877 4269 est
886 4214 969 4269 altior
982 4224 1057 4271 tanto
1106 4219 1159 4276 εει,
1175 4211 1267 4266 minos
1281 4219 1423 4281 peccatum
1447 4219 1505 4279 est;
1526 4211 1549 4266 si
1562 4210 1732 4283 coniugatus,
1744 4210 1845 4280 majus.
1863 4207 1894 4263 st

266 4302 480 4373 casusgrsvior.
1106 4317 1174 4359 nero
1197 4302 1361 4373 corrjrrgatus
1386 4301 1467 4357 aliam
1490 4302 1537 4358 alii
1556 4302 1712 4374 copulatam
1728 4310 1893 4372 eognoscat,

301 4392 462 4464 Complexio
481 4394 563 4451 etiarn
588 4396 789 4453 consideranda
816 4404 877 4462 est,
902 4398 1054 4454 secundum
1071 4363 1094 4420 υ
1109 4395 1273 4467 gravissime
1299 4404 1414 4465 peccat;
1430 4396 1453 4451 si
1468 4395 1650 4451 ierosolutus
1661 4395 1779 4452 solutam
1791 4409 1896 4465 cogno·

265 4487 339 4557 qood
356 4488 443 4558 signis
454 4488 637 4544 exterioribus
658 4490 788 4561 perpendi
806 4499 913 4560 potest;
927 4491 992 4560 quia
1008 4505 1056 4546 se·
1109 4487 1188 4556 uerit,
1200 4486 1394 4557 inquirendum
1409 4495 1461 4552 εει,
1478 4496 1570 4543 atrurn
1587 4501 1648 4541 eam
1660 4485 1843 4550 defloraverit,
1858 4501 1894 4539 au

265 4578 387 4634 condunt
401 4580 527 4636 diuersos
540 4581 755 4651 complexiones,
771 4597 843 4638 ortus
857 4582 1055 4651 magisimpel·
1109 4597 1175 4648 nou,
1199 4581 1264 4652 quia
1291 4581 1403 4647 pravius
1426 4580 1558 4650 peceant,
1584 4579 1606 4635 si
1627 4594 1687 4634 eam
1710 4579 1894 4647 defloraverit,

265 4664 332 4723 iitur
342 4669 376 4725 ad
391 4671 503 4742 aliquod
515 4683 670 4742 peccatum,
686 4686 769 4741 quatu
781 4672 862 4738 olins,
874 4672 939 4742 naria
951 4672 974 4728 si
987 4674 1055 4728 cho·
1107 4687 1190 4742 quarn
1214 4672 1238 4727 si
1251 4686 1312 4726 eom
1334 4669 1493 4742 cognouerit
1514 4676 1681 4737 corruptam.
1695 4666 1893 4738 lnquirendum

265 4760 367 4817 lericus
381 4771 433 4830 est,
448 4764 535 4835 magis
547 4764 696 4834 impellitur
708 4764 742 4819 ad
760 4764 841 4828 iram,
860 4763 883 4819 si
896 4764 1055 4821 melancho·
1106 4763 1188 4818 etiarn
1204 4771 1256 4827 est,
1273 4764 1382 4834 quotics
1394 4776 1455 4816 eam
1471 4756 1893 4830 cognot·erit.Praeterea,utrum

265 4853 347 4921 licus,
364 4853 452 4925 magis
473 4855 508 4910 ad
533 4855 646 4923 odium;
671 4855 694 4910 si
718 4856 897 4926 sanguineus,
918 4856 960 4911 tel
974 4856 1054 4927 plrle-
1106 4854 1132 4908 vi
1148 4853 1316 4924 oppresserit
1328 4868 1400 4919 eam,
1414 4851 1458 4906 uel
1470 4865 1536 4916 troo,
1558 4849 1623 4920 quis
1646 4845 1736 4918 magis
1757 4846 1894 4917 delinquit

266 4948 414 5018 proaticus,
429 4948 463 5003 ad
477 4947 627 5005 luxoriam.
1106 4946 1153 5016 qui
1166 4946 1192 5000 ri
1207 4947 1348 5018 opprimit,
1359 4959 1442 5016 quiam
1455 4943 1504 5014 qui
1519 4951 1700 5013 spontaneam
1712 4941 1865 5010 cognoscit.

300 5039 535 5096 Considerandum
550 5056 661 5112 quoque
684 5049 737 5110 est,
762 5053 854 5098 utrum
874 5057 938 5098 reus
956 5056 1055 5112 passus
1141 5036 1255 5107 Oportet
1269 5053 1379 5108 quoque
1395 5033 1568 5108 investigare,
1585 5043 1678 5089 utrum
1695 5032 1755 5105 eins
1778 5032 1815 5087 sit
1826 5046 1893 5086 con·

265 5132 302 5187 ιιι
315 5131 465 5188 recidivum
489 5133 517 5188 itt
542 5133 634 5205 aliquo
653 5144 764 5206 peceato
777 5154 784 5203 ;
799 5136 863 5207 quia
875 5135 972 5206 siquis
987 5150 1055 5192 con·
1106 5129 1266 5198 sanguinea,
1286 5129 1328 5184 nel
1348 5111 1448 5183 allinis.
1463 5127 1541 5195 lteru,
1555 5135 1648 5181 utrum
1665 5124 1702 5180 sit
1712 5124 1838 5194 simplex,
1849 5122 1893 5176 rel

265 5223 347 5280 tritus
359 5222 442 5281 luerit
455 5224 490 5280 de
499 5224 593 5296 aliquo
616 5236 740 5297 peceato,
755 5237 782 5284 ει
793 5227 893 5284 iterum
907 5226 1014 5282 incidat
1026 5227 1053 5282 in
1105 5227 1210 5286 θιῑιιῑιι
1223 5219 1333 5291 statius
1347 5221 1422 5274 enim
1435 5227 1529 5289 peccat
1540 5217 1587 5287 qui
1607 5217 1710 5287 decipit
1726 5215 1891 5284 simplicem,

266 5312 468 5386 illuderemus
481 5324 591 5371 tenetur
604 5332 688 5388 qoam
707 5318 795 5387 prius.
1105 5326 1189 5381 quani
1204 5311 1252 5381 qui
1265 5318 1395 5374 astutam,

311 5397 404 5457 ιἰιιιιιι
420 5405 506 5459 enimi
529 5405 666 5476 operas·
678 5405 902 5463 considerandus
914 5414 956 5461 est
967 5405 1052 5461 etiarn
1141 5400 1273 5458 Similiter
1299 5401 1511 5460 observandum.
1528 5411 1587 5469 est,
1616 5410 1710 5482 utrum
1738 5399 1893 5471 peccaverit

268 5495 393 5564 corporis
405 5505 511 5567 nestun
524 5498 568 5555 rel
587 5497 668 5555 ιεειει
680 5497 800 5566 halitus,
815 5507 845 5555 ιιι
858 5497 1053 5568 perexteriora
1105 5502 1217 5563 peccato
1243 5502 1340 5549 contra
1365 5507 1504 5561 naturam,
1531 5495 1574 5550 nel
1595 5508 1665 5560 noo;
1690 5492 1754 5562 quia
1772 5491 1893 5563 simplici

305 5665 362 5739 ιιι)
375 5665 440 5740 latai
463 5671 546 5730 etiam
566 5676 668 5733 utiliter
691 5674 789 5747 poterit
800 5714 808 5745 ,
820 5674 972 5745 Coruioclt,
991 5584 1207 5748 permitte
1224 5692 1252 5747 q.
1270 5675 1295 5744 ι,
1313 5675 1379 5731 dub.
1394 5675 1422 5740 3,
1438 5683 1464 5729 et
1483 5673 1585 5744 Sarius
1600 5672 1648 5728 lib.
1665 5686 1722 5736 ιιι,
1739 5685 1763 5726 ι.
1776 5668 1804 5725 d.
