3992 6042
160 219 213 279 185
672 212 794 273 sublit
812 215 857 271 bb
875 213 970 271 aaut
988 211 1267 269 enmbtcntntttt.
1735 210 1787 266 {86

158 352 175 391 a
193 316 285 404 capite
297 318 465 387 nostr't'ricsu
481 327 663 396 curisteum
675 345 739 385 enm
749 330 825 386 dives
838 338 911 385 esset
923 329 950 384 in
965 327 1089 394 Arietis,
1108 326 1207 381 nemini
1219 325 1347 395 injuriam
1361 326 1484 397 iacietis:
1498 332 1580 379 estote
1598 326 1713 379 coaeterni
1734 327 1786 380 tti-

158 425 248 490 ooelis,
263 437 369 494 pauper
384 420 473 477 lactus
488 421 631 492 pronubis
649 429 692 477 est
707 421 733 475 in
754 422 846 487 terris,
858 430 948 477 utsua
1001 418 1105 490 prodiit
1117 418 1210 471 nestris
1226 415 1303 487 (luc.
1324 416 1378 488 ιιι).
1396 416 1519 472 ilabeaut
1542 417 1697 485 exemplum
1723 418 1786 473 uitae

158 521 320 587 paupertate
334 528 385 569 nos
400 513 499 568 divites
518 511 631 568 iaceret.
646 512 675 567 ln
693 513 848 583 exemplum
864 512 948 567 etiam
998 522 1057 563 tute
1071 507 1183 573 milites,
1206 507 1316 562 beatum
1337 519 1484 581 martyrem
1503 506 1697 563 Sebastianum
1713 507 1786 562 mili·

158 608 270 663 veniant
283 605 389 674 antiqui
406 603 514 672 Patres,
528 605 576 675 qni
596 605 662 660 nndi
677 604 818 660 Christum
842 604 947 659 nudum
998 611 1064 668 tem,
1076 600 1124 671 qni
1138 600 1191 656 snb
1200 599 1370 655 Diocletiano
1381 599 1546 669 imperatore
1557 598 1594 652 ita
1605 596 1784 667 temporalem

157 697 247 752 secuti
261 705 336 750 sunt.
350 693 486 750 Ostendat
501 696 644 764 quomodo
655 695 727 750 beati
739 709 873 765 pauperes
891 694 948 764 spi·
997 692 1122 748 exercuit
1137 690 1273 754 militiam,
1287 690 1362 760 qnod
1378 689 1550 758 spiritualem
1565 702 1619 743 noo
1633 687 1787 742 deseruerit

157 787 216 843 ritn
232 786 340 857 (lintri.
364 787 408 857 r),
435 802 490 841 non
518 786 617 842 diuites
642 801 735 843 censu.
760 786 789 842 st
816 787 947 842 diuitibus
997 781 1144 852 agoniam:
1159 780 1277 835 reddens
1302 779 1375 849 quod
1399 777 1518 832 Caesaris
1542 786 1601 830 erat
1626 774 1740 840 Caesari,
1757 782 1785 829 et

156 878 319 948 praedicant,
344 877 442 933 invitet
461 892 510 933 eos
539 878 574 932 ad
597 877 810 950 eleemosynam,
826 880 861 934 ad
882 894 950 934 con·
996 893 1059 946 quae
1080 875 1141 943 bei,
1165 870 1784 945 lleo.1leatnmquoqnel'ietorem,bcatnm

75 996 81 1004 ·
160 968 480 1039 temptnmdiritiarnm,
501 968 837 1023 adamaremcoelestinm
859 968 947 1024 talen·
996 967 1174 1041 llypolitom,
1204 976 1229 1022 et
1251 966 1448 1030 mnltosalios,
1470 964 1516 1033 qni
1544 976 1592 1031 per
1615 962 1783 1016 materialem

156 1067 266 1127 torum;
283 1060 348 1116 ntsi
364 1060 467 1115 diuitiae
480 1059 605 1126 affluant,
617 1074 667 1136 coq
678 1075 732 1115 non
749 1070 905 1130 apponant;
922 1060 947 1116 si
996 1060 1122 1115 militiam
1140 1069 1251 1114 strenue
1266 1058 1461 1120 ministratam,
1478 1055 1512 1108 ad
1527 1062 1658 1108 aeternam
1684 1050 1785 1105 sommi

154 1168 204 1209 eas
220 1153 348 1217 babeant,
364 1162 529 1208 nontamen
545 1153 684 1220 ambiant;
702 1149 804 1208 babere
816 1152 889 1207 enim
903 1160 946 1208 est
995 1152 1069 1222 regis
1083 1151 1220 1213 militiam,
1232 1148 1349 1203 feliciter
1365 1146 1507 1202 sublimari
1525 1151 1698 1199 mernerunt.
1716 1140 1786 1196 Tbe-

154 1243 362 1311 insubstantia,
379 1242 535 1299 ambireest
551 1244 681 1314 inculpa.
995 1243 1053 1298 baea
1068 1243 1150 1298 etiam
1178 1242 1294 1305 cohors,
1318 1239 1359 1296 sic
1384 1239 1506 1293 exterius
1531 1234 1658 1290 utebatur
1680 1232 1785 1286 militiae

192 1329 222 1386 Si
249 1331 385 1388 militibus
404 1333 544 1402 praedicat,
561 1340 669 1388 moveat
699 1348 749 1389 eos
773 1342 805 1389 nt
826 1333 946 1404 propriis
995 1335 1116 1404 cingulo,
1133 1334 1208 1404 qnod
1237 1330 1353 1386 interius
1372 1331 1471 1385 deuote
1491 1327 1627 1382 militabat
1642 1326 1709 1381 beo.
1730 1323 1785 1398 lli·

154 1422 280 1477 contenti
296 1423 353 1479 sint
374 1424 528 1494 stipendiis,
549 1440 604 1481 nott
630 1424 806 1480 imminentes
831 1425 943 1493 alienis;
994 1426 1054 1481 litia
1073 1426 1146 1481 enim
1164 1424 1286 1480 exterior
1305 1422 1392 1493 liqttra
1411 1429 1455 1476 est
1467 1419 1608 1502 interioris
1628 1417 1741 1483 ntilitiae,
1757 1425 1785 1471 et

154 1510 196 1567 nil
211 1512 472 1585 uiolettterexigaut,
485 1514 623 1571 neminem
644 1515 813 1584 concutiant,
830 1514 886 1570 sint
897 1516 946 1572 de-
995 1513 1056 1576 sirie
1071 1503 1212 1584 interiori,
1229 1501 1351 1572 exterior
1370 1525 1412 1571 cst
1430 1514 1520 1569 inanis
1543 1522 1570 1567 ct
1592 1527 1689 1566 t'acua.
1706 1509 1785 1583 Sicut

154 1599 281 1658 l'ensores
294 1602 399 1672 patriae,
417 1612 522 1660 tutores
536 1604 724 1674 orphanorum
738 1616 766 1660 et
779 1606 942 1674 viduarnm3
994 1591 1261 1665 {son‘sun'nue
1292 1607 1414 1661 bominis
1439 1614 1548 1676 partes,
1580 1602 1732 1673 corporalis
1756 1608 1786 1657 et

152 1693 198 1749 sio
212 1695 334 1748 exterius
363 1702 460 1764 gerant
476 1709 554 1751 arma
576 1696 693 1764 mundi,
709 1706 740 1752 ιιι
764 1687 888 1755 interius
898 1713 945 1753 ar·
959 1673 982 1728 ¹3
995 1699 1158 1771 spiritualis,
1175 1701 1211 1755 ita
1227 1708 1292 1755 snnt
1305 1699 1361 1754 duo
1377 1699 1462 1770 gladii
1477 1697 1644 1767 pertinentes
1664 1696 1697 1750 ad
1720 1709 1785 1766 pro·

151 1792 265 1840 mentor
277 1786 362 1841 lorica
376 1787 449 1842 ltdei.
997 1790 1150 1861 pulsandos
1166 1790 1292 1846 diuersos
1310 1790 1430 1844 insultus
1442 1787 1606 1854 ltominnm;
1621 1783 1783 1852 materialis,

191 1874 223 1931 st
237 1878 405 1943 oratoribus,
417 1886 529 1934 moneat
548 1892 607 1945 eos,
633 1894 668 1934 ne
682 1877 812 1949 injustam
830 1893 944 1935 cansam
994 1900 1050 1953 qno
1064 1883 1234 1953 repelluntur
1246 1881 1371 1950 irritu-iae,
1397 1889 1424 1934 et
1439 1879 1601 1949 spiritualis,
1621 1892 1677 1946 quo
1693 1877 1783 1946 repel-

152 1962 266 2021 loreant
278 1981 327 2036 pro
345 1966 945 2049 munet·o,108relJnstaminllrmentea
995 1976 1089 2029 laotnr
1114 1973 1248 2028 molestiae
1266 1971 1377 2027 mentis.
1398 1969 1478 2025 Unde
1499 1971 1602 2025 dictum
1626 1976 1692 2024 est:
1715 1967 1784 2021 Ecce

151 2054 211 2109 odii
225 2071 354 2122 rancore,
369 2072 403 2111 ne
415 2056 536 2126 lingnam
549 2071 628 2110 snam
643 2056 774 2123 rendam,
786 2073 821 2113 ne
832 2058 944 2129 sapien·

150 2142 220 2198 tiam
232 2146 412 2214 prostituant,
424 2162 475 2202 nec
486 2153 627 2204 sectentur
638 2146 719 2213 laisa,
734 2162 768 2203 ne
779 2156 943 2205 tenerentur

150 2235 309 2292 mendacia.

187 2325 219 2380 Si
232 2326 395 2385 doctoribus
409 2329 558 2398 praedicat,
572 2340 685 2386 moneat
711 2345 760 2387 eos
788 2340 819 2386 nt
841 2332 941 2388 intuitu

150 2414 203 2472 Dei
218 2419 344 2486 doceant,
360 2418 444 2474 ileum
461 2430 566 2476 tantum
582 2421 664 2475 linem
685 2421 729 2477 sni
749 2421 852 2478 laboris
872 2437 941 2477 con-

151 2509 286 2576 stituant,
297 2524 352 2564 non
366 2520 501 2566 venentur
514 2526 609 2566 antam
624 2509 813 2581 favorabilem,
829 2513 871 2568 rel
887 2522 943 2568 tor·

995 2067 1080 2140 qlodii
1096 2066 1150 2120 duo
1175 2065 1218 2119 irie
1235 2063 1311 2135 (bar.
1327 2065 1408 2134 un).
1426 2063 1593 2132 decingatur
1614 2077 1678 2131 erqo
1702 2060 1783 2117 miles

997 2155 1121 2212 exterius
1136 2154 1170 2209 ad
1187 2154 1392 2209 reformandam
1404 2153 1552 2207 violentam
1572 2167 1664 2223 pacem
1678 2160 1784 2223 tempo-

995 2247 1053 2314 ris;
1080 2245 1196 2302 interius
1218 2261 1328 2316 quoqne
1344 2244 1434 2315 gladio
1451 2245 1528 2299 verbi
1550 2242 1609 2308 bei,
1628 2242 1662 2297 ad
1677 2252 1785 2298 restau-

995 2337 1110 2392 randam
1122 2352 1218 2407 pacem
1234 2335 1338 2406 proprii
1353 2335 1483 2405 pectoris.
1499 2334 1539 2388 dd
1553 2335 1606 2388 boc
1629 2333 1784 2403 specialiter

993 2429 1110 2486 instituti
1125 2437 1190 2484 sunt
1204 2427 1315 2493 milites,
1344 2434 1374 2480 nt
1391 2426 1507 2495 patriam
1529 2440 1608 2480 suam
1624 2423 1781 2487 delendam,

993 2531 1021 2575 et
1036 2529 1066 2574 nt
1078 2519 1210 2590 repellant
1221 2517 1255 2573 ab
1269 2516 1390 2572 Ecclesia
1406 2517 1587 2572 violentorum
1598 2515 1723 2585 iniurias,
1734 2517 1782 2570 sed

152 2615 248 2655 renam
262 2599 433 2670 mercedem;
447 2602 636 2657 demonstrent
657 2602 685 2657 in
696 2602 780 2672 tacto,
791 2606 865 2677 qnod
877 2620 941 2676 pro·
989 2613 1047 2681 jam
1062 2610 1164 2668 milites
1177 2610 1242 2665 iacti
1254 2618 1316 2665 sunt
1333 2608 1459 2679 praedarii
1472 2609 1556 2664 doces
1571 2607 1699 2673 aliorum,
1716 2604 1782 2661 lacti

151 2702 260 2763 ponunt
274 2692 302 2747 in
316 2691 401 2748 dicto.

190 2783 221 2839 Si
241 2784 274 2838 ad
293 2785 421 2853 praelatos
448 2799 605 2842 sermonem
629 2785 733 2858 dirigit,
752 2787 879 2844 hortetur
891 2804 941 2848 eos

151 2871 187 2929 de
205 2873 336 2943 regimine
346 2873 532 2938 subditorum,
552 2884 582 2930 ut
598 2890 647 2931 eos
661 2878 875 2947 spectelestinm
886 2881 940 2936 eri·

992 2712 1056 2758 sont
1071 2701 1174 2772 abigeri
1185 2719 1192 2768 ;
1210 2716 1260 2757 nee
1270 2700 1328 2770 jam
1340 2708 1471 2754 exerrent
1491 2697 1631 2760 militiam,
1643 2695 1691 2750 sed
1709 2694 1783 2764 rapi·

991 2806 1068 2858 nam,
1083 2799 1111 2846 et
1132 2790 1183 2847 snb
1198 2791 1289 2860 specie
1312 2788 1417 2855 militis,
1437 2793 1581 2842 assumunt
1594 2785 1782 2840 crudelitatem

992 2882 1131 2954 predonis
1146 2899 1153 2937 ι
1172 2897 1223 2936 nec
1239 2889 1294 2936 tam
1309 2880 1467 2934 militantia
1481 2879 1594 2944 ltostes;
1610 2893 1693 2949 qnam
1704 2893 1782 2949 gras-

151 2978 208 3040 qat,
224 2966 440 3022 comminatione
456 2970 587 3040 corrigat,
598 2968 787 3026 blandimento
804 2972 913 3043 dirigat.
953 2997 975 3054 c
991 2981 1088 3029 santur
1099 2973 1126 3027 itt
1139 2987 1288 3050 pauperem
1301 2981 1328 3027 ot
1341 2986 1412 3042 quos
1425 2971 1527 3027 debent
1539 2971 1608 3025 tueri
1622 2971 1717 3041 clypeo
1730 2970 1783 3024 mi·

188 3055 219 3112 Si
247 3058 376 3127 praedicat
401 3058 572 3128 principibus
596 3068 743 3127 terrarum,
761 3072 875 3117 moneat
890 3078 938 3119 eos

152 3157 183 3203 ut
195 3157 335 3204 sectentur
354 3150 540 3218 prudentiam,
555 3151 750 3206 abominentur
774 3153 938 3223 avaritiam,

151 3246 183 3294 ut
198 3254 253 3292 non
266 3239 419 3294 recedanta
437 3241 546 3296 tramite
558 3240 682 3311 justitiae,
698 3252 729 3297 ut
743 3243 861 3315 rigorem
873 3255 940 3301 tem·

151 3335 249 3397 petent
261 3327 482 3384 mansuetudine.

189 3415 219 3474 Si
237 3416 366 3485 loquitur
379 3417 448 3471 viris
466 3417 671 3486 claustralibus,
691 3429 718 3475 ct
733 3419 881 3491 religiosis,
897 3418 939 3474 al·

152 3508 222 3563 ierat
236 3507 270 3561 ad
281 3520 379 3562 eornm
395 3508 616 3575 instructionem,
624 3509 750 3579 exempla
761 3510 936 3579 antiquorum

150 3600 276 3666 Patrona,
300 3599 349 3670 qni
367 3599 450 3653 uitam
464 3609 627 3669 praesentem
652 3600 789 3655 duxerunt
812 3601 839 3656 in
851 3602 936 3657 nimia

150 3691 278 3763 eorporis
292 3691 473 3762 castigatione
488 3711 496 3746 :
510 3692 639 3747 ostendat
653 3695 726 3763 quod
741 3709 838 3762 parum
852 3693 887 3750 sit
896 3694 938 3748 in·

149 3784 253 3854 cipere,
269 3783 321 3838 nisi
336 3783 474 3853 inceptum
492 3783 671 3838 concludatur
690 3783 763 3838 bono
780 3785 849 3849 line,
871 3785 936 3854 quia

147 3891 226 3931 tremo
242 3875 349 3928 mittens
359 3890 467 3928 nannum
479 3874 514 3927 nti
526 3883 658 3941 aratrum,
672 3883 697 3929 et
712 3876 853 3944 respitiens
867 3886 936 3929 retro

149 3974 228 4036 nptur
246 3974 285 4018 est
297 3979 376 4034 repno
400 3962 605 4035 mittanis).
631 3964 666 4018 Et
683 3980 750 4019 naor
772 3964 840 4020 tort
867 3975 936 4022 retro

149 4053 306 4123 respicient,
321 4061 427 4107 ntntnto
445 4062 483 4108 est
499 4054 527 4107 in
539 4051 736 4108 sternumentis
752 4052 828 4123 (Gon.
841 4054 919 4123 xtra).l

992 3066 1081 3120 litoris
1092 3063 1264 3128 muniminis,
1277 3072 1482 3133 persequuntur
1491 3062 1581 3133 gladio
1591 3061 1781 3118 feritatislam

990 3168 1068 3210 snam
1094 3152 1263 3224 prostituunt
1282 3151 1419 3216 militiam,
1439 3151 1558 3205 militant
1570 3158 1600 3205 nt
1619 3152 1780 3215 ltrerentnr·,·

992 3243 1072 3314 109
1086 3241 1287 3311 armaoapinnt
1312 3249 1341 3295 nt
1363 3238 1610 3310 praemittendam
1633 3255 1687 3295 non
1716 3249 1781 3297 sunt

990 3335 1102 3401 milites,
1117 3333 1164 3388 sed
1181 3331 1254 3388 iures
1268 3339 1296 3385 et
1309 3339 1451 3400 raptores;
1473 3346 1526 3384 non
1547 3331 1718 3398 defensores,
1733 3333 1780 3387 sed

989 3424 1144 3479 invasores.
1165 3419 1194 3476 ln
1209 3420 1316 3475 uiscera
1341 3418 1438 3474 matris
1459 3417 1589 3473 Ecclesiae
1601 3429 1706 3474 attnrmt
1721 3419 1781 3488 qia-

988 3515 1060 3579 dios,
1083 3520 1111 3568 et
1139 3512 1195 3567 uim
1221 3527 1305 3583 qnam
1324 3511 1471 3566 debentia
1498 3511 1591 3566 ltostes
1615 3513 1779 3579 expendere,

988 3603 1145 3675 expendunt
1157 3603 1185 3656 in
1201 3617 1266 3657 snos
1279 3619 1287 3667 ;
1302 3601 1395 3656 ltostes
1413 3608 1504 3654 antem
1520 3615 1586 3655 suos
1600 3600 1658 3669 (mn
1671 3610 1781 3669 torpore

988 3693 1104 3765 dejecti,
1118 3702 1166 3748 ant
1193 3693 1291 3748 timore
1308 3692 1457 3762 perterriti)
1480 3692 1615 3746 desistunt
1639 3692 1778 3756 invadere,

988 3796 1016 3841 et
1030 3786 1056 3840 irt
1073 3785 1177 3841 Cltristi
1190 3786 1311 3841 iamnlos
1330 3785 1464 3850 imbelles,
1489 3793 1592 3856 coguut
1609 3785 1715 3856 gladios
1732 3786 1779 3840 de·

988 3876 1093 3930 sevire.
1110 3874 1237 3930 Honeste
1252 3865 1397 3930 militianm
1413 3876 1572 3945 temporalia
1587 3877 1716 3932 donativa
1731 3876 1780 3930 do-

987 3964 1096 4032 bentnr,
1123 3973 1151 4020 el
1175 3974 1286 4020 aeternae
1309 3966 1539 4021 remunerationis
1568 3967 1702 4036 stipendia
1722 3983 1779 4023 utu

987 4066 1133 4126 negantur.
1145 4055 1179 4111 Et
1199 4072 1262 4111 oum
1277 4057 1388 4125 qnidam
1405 4072 1455 4128 pro
1468 4057 1557 4113 officio
1573 4068 1716 4115 teneantur
1727 4060 1779 4114 mi·

183 4146 212 4201 Si
224 4145 380 4216 coniugatis
395 4154 531 4215 proponat
544 4160 712 4212 sermonem,
727 4148 936 4201 commendetur
988 4146 1074 4200 liliam
1102 4159 1229 4201 exercere
1257 4146 1451 4216 corporalem,
1478 4164 1573 4203 omnes
1595 4157 1722 4204 tenentur
1744 4164 1779 4205 ex

147 4245 238 4294 statos
253 4236 384 4306 conjugii,
397 4235 537 4304 lidestori,
549 4237 820 4293 virtnssacramertti.
833 4237 933 4293 Osten-
986 4244 1147 4307 praeapte,
1174 4237 1300 4291 militiam
1327 4240 1468 4308 suscipere
1493 4240 1673 4309 spiritualem.
1700 4241 1778 4298 lliles

147 4330 197 4384 dat
210 4328 348 4399 quomodo
361 4327 520 4398 conjuginm
538 4328 566 4382 io
587 4329 716 4397 paradiso
739 4329 866 4385 babuerit
882 4328 936 4382 ini·
949 4321 975 4383 D
988 4326 1139 4382 materialis
1154 4326 1259 4380 ltabitat
1273 4326 1299 4379 in
1312 4326 1423 4390 castris,
1439 4334 1520 4380 uacat
1543 4328 1578 4381 ab
1603 4329 1777 4398 amplexibus

146 4421 228 4488 tium,
242 4419 383 4490 quomodo
411 4419 517 4489 antiqui
536 4417 632 4475 Patres
655 4422 683 4474 in
703 4421 841 4492 conjugali
861 4429 934 4476 statu
989 4417 1094 4483 uxoris,
1107 4418 1235 4473 tenuibus
1251 4426 1396 4473 contentos
1408 4427 1452 4474 est
1465 4418 1552 4485 cibis,
1568 4419 1691 4475 intentus
1708 4419 1777 4491 rigi·

146 4519 308 4566 mernerunt
322 4510 405 4565 vitam
426 4519 556 4566 aeternnm
580 4509 705 4580 adipisci.
987 4511 1043 4575 liis,
1056 4509 1172 4565 restitns
1182 4509 1279 4574 armis,
1308 4510 1440 4565 resistens
1465 4510 1603 4576 hostibus,
1628 4512 1777 4581 provideas

184 4600 214 4655 Si
230 4600 332 4667 viduis,
347 4601 571 4657 demonstrentur
583 4617 667 4658 onera
682 4601 803 4673 conjugii
815 4600 842 4656 in
870 4617 936 4658 enta
987 4603 1045 4658 sois
1059 4601 1301 4658 commilitonibus.
1313 4600 1388 4659 Talis
1398 4603 1478 4658 debet
1489 4617 1549 4658 esse
1559 4603 1674 4672 quilibet
1695 4604 1778 4658 bomo

147 4693 278 4760 illiorum,
290 4694 318 4748 in
336 4695 519 4765 acquisitione
537 4695 768 4761 necessariorum,
782 4694 810 4748 in
824 4693 935 4760 dispen·
987 4693 1014 4748 itt
1027 4694 1134 4763 spiritu,
1151 4694 1241 4766 qualis
1266 4701 1309 4749 est
1334 4695 1483 4750 materialis
1513 4695 1592 4749 miles
1606 4695 1632 4748 in
1649 4705 1722 4749 actu.
1738 4694 1777 4749 De

146 4780 255 4836 satione
281 4797 373 4837 rernm
398 4780 592 4851 lamiliarinm;
611 4800 693 4855 qnam
721 4785 870 4855 gloriosum
899 4784 937 4841 sit
986 4783 1074 4839 milite
1085 4783 1186 4838 Cbristi
1204 4784 1304 4838 dicitnr
1319 4801 1326 4837 z
1341 4782 1442 4837 llilitia
1453 4793 1491 4838 eat
1504 4784 1557 4836 nita
1573 4782 1685 4835 lerninis
1697 4795 1777 4850 saper

145 4872 278 4940 probatos
304 4873 395 4928 caratis
420 4873 504 4930 luxus
529 4874 627 4939 vitare,
643 4886 670 4931 et
694 4875 780 4931 libere
801 4874 857 4931 lleo
877 4891 936 4931 ser·
987 4886 1086 4931 terram
1110 4874 1171 4946 (lob
1184 4878 1244 4945 ιιι).
1257 4874 1290 4928 Ει
1302 4875 1366 4929 alibi
1381 4893 1388 4930 :
1405 4874 1467 4929 Non
1478 4874 1603 4928 laniemur
1618 4875 1660 4927 lile
1675 4884 1775 4926 certant

143 4963 215 5019 uiro.
986 4969 1149 5023 metationem
1164 4965 1258 5038 (deor.
1282 4965 1434 5038 xttt).ltent
1463 4965 1611 5036 Apostolus
1637 4965 1676 5019 ait
1699 4961 1775 5031 qnod

184 5049 214 5106 Si
228 5053 399 5124 virginibus,
413 5058 665 5115 commendentnra
684 5063 817 5119 munditia
838 5078 935 5131 corpo·
985 5058 1032 5114 bie
1046 5073 1143 5115 snmns
1154 5059 1276 5127 hospites
1299 5068 1327 5113 et
1352 5059 1483 5123 adstitit.
1502 5067 1592 5111 limen
1615 5057 1642 5110 i¹¹
1667 5053 1772 5117 loturo,

144 5145 228 5210 ris,a
247 5149 367 5216 puritate
391 5150 503 5216 mentis,
521 5166 569 5221 per
582 5168 665 5221 qoam
692 5154 775 5210 ltotno
795 5158 832 5212 sit
851 5172 934 5226 snpra
985 5153 1060 5207 eires
1077 5164 1236 5208 sanctornm
1248 5161 1276 5207 et
1289 5150 1434 5206 domestici
1450 5149 1497 5203 [lei
1511 5148 1621 5218 (Epnea.
1637 5146 1678 5214 n).
1690 5143 1774 5197 Cirri-

144 5237 299 5305 bominem,
312 5255 446 5310 superans
466 5255 589 5308 cartrem,
607 5251 635 5298 et
654 5243 814 5315 attgelornm
837 5261 935 5317 gerens
984 5243 1092 5297 stiones
1107 5255 1172 5312 ergo
1187 5241 1215 5296 in
1238 5241 1461 5310 peregrinatione
1494 5238 1576 5307 lmjns
1600 5236 1673 5298 riter,
1692 5232 1773 5288 debet

142 5328 365 5386 similitudinem.

426 5421 564 5479 CAPUT
593 5422 616 5479 x
628 5424 660 5479 L.

462 5516 503 5570 Ad
519 5517 626 5574 militet.
707 5557 715 5569 ,

179 5603 312 5664 llilitibus
330 5610 368 5664 ait
381 5605 503 5664 loanrtcs
517 5607 657 5678 baptista:
677 5609 815 5665 Neminem
838 5625 932 5664 eoncu-

985 5333 1075 5387 tirere
1087 5332 1199 5387 velutin
1213 5334 1324 5398 eastris,
1340 5341 1371 5387 nt
1393 5347 1447 5386 nott
1471 5338 1548 5400 putet
1563 5344 1594 5383 se
1613 5327 1659 5381 laio
1672 5327 1772 5380 babere
1820 5339 1824 5346 ⁴

984 5431 1086 5478 certam
1101 5425 1285 5491 mansionem,
1300 5422 1347 5479 scd
1358 5428 1496 5491 exspectet
1506 5418 1534 5473 in
1547 5419 1625 5473 coelis
1640 5426 1770 5472 aeternam

985 5514 1193 5572 habitationem.
1202 5516 1239 5571 lle
1250 5517 1350 5588 quibos
1366 5510 1580 5569 habitationibus
1588 5511 1690 5567 dictum
1708 5517 1769 5563 cst:

986 5607 1019 5664 ltt
1032 5609 1109 5664 doato
1132 5610 1224 5667 Patria
1247 5610 1298 5666 mei
1314 5609 1461 5664 ntonrionet
1484 5605 1576 5663 multo
1594 5614 1655 5662 snat
1676 5603 1775 5672 [lenm
