3992 6042
282 184 330 241 ott
925 178 1030 236 thoth
1048 179 1093 237 Dll
1110 180 1246 241 tristius
1841 183 1898 241 272

282 302 384 359 Dicitur
402 300 483 357 etiam
500 305 626 355 creatura
647 295 694 353 Det
713 311 776 368 quae
798 294 923 368 perlubet
949 297 1006 354 Deo
1021 308 1061 354 te·
1074 306 1097 363 Λ
1112 301 1216 357 Dicitur
1239 314 1319 358 sacra
1343 297 1496 371 Sulmone,
1519 298 1591 357 uude
1613 298 1699 356 David
1721 258 1850 356 :Portam
1867 302 1897 356 in

281 394 439 450 stimonium
454 389 583 445 bonitatis
601 396 629 443 ει
644 387 850 460 magnitudinis,
867 388 938 444 unde
951 386 1035 444 David
1051 404 1058 440 t
1111 393 1242 449 theronn's
1255 392 1373 464 abyssos,
1386 392 1467 448 idest
1483 391 1517 447 de
1530 392 1648 464 abyssis,
1659 391 1805 450 obstinatis
1817 392 1898 449 vide·

281 486 308 542 ll
312 487 418 542 trahitis
432 480 594 540 testimonie.
1111 485 1426 551 licet,eosconrerteodo
1438 485 1470 540 ad
1483 482 1650 551 fldem,lacis
1658 485 1803 540 thesauros
1817 494 1894 543 tuos.

317 579 453 635 Tertitndo
470 577 530 648 (ric)
541 571 834 643 estaoimalquoddam
848 572 877 627 iu
892 581 971 640 testa,
987 572 1061 629 unde
1110 578 1319 635 Dicitur‘dirina
1334 575 1537 649 praeordinatio,
1556 577 1628 633 uode
1640 562 1723 633 David
1738 593 1746 629 :
1762 575 1817 643 Qui
1829 594 1896 649 pro-

280 675 400 730 Aviaoos
423 670 509 727 dicit:
535 667 663 723 Pennotis
691 664 782 720 ooihnr
802 658 934 736 qnondam
956 664 1060 719 testando
1110 670 1182 725 ducit
1204 680 1294 725 uentos
1316 670 1349 725 de
1370 670 1499 725 timuerit
1522 669 1589 737 ruia,
1605 669 1632 725 id
1648 678 1691 725 est
1712 669 1746 725 de
1767 669 1893 726 Ecclesia

279 771 368 823 locuto
384 774 433 820 est.
458 762 563 819 Dicitur
585 761 667 816 etiam
691 764 791 813 tectum
816 766 970 822 arcuatum,
985 757 1060 828 qood
1109 762 1300 834 praedicatores
1313 762 1397 817 mittit
1416 762 1567 818 secundum
1581 762 1702 818 divinam
1725 762 1894 832 mordina-

278 868 352 932 patot
371 857 399 912 io
415 856 535 912 Lucano.
1109 855 1222 912 tionem.
1247 854 1350 912 Dicitur
1371 853 1509 921 Ecclesia,
1532 855 1606 910 uode
1630 855 1778 911 secundum
1807 853 1893 909 aliam
1984 868 1985 929 ᾗ

315 951 563 1023 Tetraprnrnmotott
582 953 672 1019 potest
685 943 739 1002 dict
754 941 977 1015 quaelibetdictio
991 956 1059 998 chu·
1109 948 1305 1017 0xpositionem
1332 968 1339 1003 :
1365 946 1419 1013 Qot'
1442 946 1565 1017 producit
1589 956 1677 1002 nepem
1699 946 1733 1002 ὼ
1758 946 1894 1003 rhemum

278 1056 354 1103 stans
366 1060 398 1100 ex
414 1051 533 1114 quatuor
546 1040 662 1108 litteris,
678 1036 751 1094 unde
772 1034 948 1092 Theodolus:
967 1033 1061 1089 Tetro-
1109 1044 1175 1108 eutr,
1191 1042 1218 1098 m
1232 1052 1274 1100 est
1296 1042 1331 1100 (ιθ
1352 1041 1472 1100 Ecclesia
1495 1042 1694 1114 praedicatore„
1720 1041 1893 1099 metim-001
1984 1060 1985 1103 r

276 1146 443 1209 prontmoton
456 1134 545 1190 animo
554 1133 608 1202 [nri
614 1147 624 1197 ,·
641 1128 859 1186 antonomastice
871 1143 936 1184 vero
946 1126 1059 1183 restrin-
1109 1130 1239 1197 bominis,
1256 1131 1328 1188 uode
1348 1130 1502 1188 Dominus:
1519 1131 1608 1187 Bonos
1630 1132 1708 1186 homo
1722 1134 1755 1187 de
1766 1133 1892 1187 thesauro
1984 1168 1985 1171 η

277 1230 349 1300 gitur
378 1227 451 1283 eirca
474 1239 574 1281 nomen
591 1220 728 1279 ineffabile
751 1218 825 1291 quod
844 1227 950 1276 tonsili
963 1233 996 1275 ex
1013 1217 1058 1274 Ιῑῑ·
1109 1226 1175 1283 hono
1190 1228 1277 1283 curtlia
1291 1229 1334 1283 tui
1346 1227 1447 1299 profert
1458 1228 1525 1283 hona
1536 1243 1595 1283 sun.
1607 1226 1713 1285 Dicitur
1724 1228 1892 1285 desiderium
1984 1230 1985 1303 Ϊ

276 1319 343 1375 teris
350 1317 421 1388 joth,
436 1333 497 1382 oon,
511 1315 553 1383 lte,
570 1323 598 1370 et
612 1315 676 1368 thet.
1108 1319 1228 1388 eoeleste,
1249 1319 1322 1376 unde
1343 1319 1493 1376 seeundum
1509 1319 1591 1376 aliam
1610 1319 1828 1390 expositionem:
1844 1318 1891 1376 st-
1984 1310 1985 1367 ἕ

312 1410 467 1476 Thalamus,
481 1405 599 1479 proprie.
614 1403 719 1461 Dicitur
735 1403 817 1459 etiam
833 1401 1058 1477 uterusvirg'iua·
1108 1409 1170 1465 mile
1196 1418 1236 1465 ert
1260 1427 1367 1483 reputem
1388 1410 1513 1465 celorum
1537 1410 1658 1465 thesemo
1680 1408 1836 1465 abscondito
1860 1408 1890 1466 in

276 1502 330 1557 lis:
348 1500 376 1555 in
393 1499 513 1555 thalamo
533 1497 686 1554 celebratur
708 1495 921 1562 commercium,
943 1492 1057 1549 lloribos
1107 1517 1182 1572 apro,
1194 1501 1265 1573 Ager
1278 1502 1306 1557 jn
1321 1517 1376 1573 qun
1397 1502 1544 1559 thesaurus
1560 1502 1735 1559 absconditur
1749 1509 1791 1558 est
1805 1502 1891 1559 disci.

276 1602 400 1659 ornatur,
412 1592 439 1646 in
454 1597 603 1646 consorcia
616 1595 776 1644 tractantur.
794 1584 925 1642 Similiter
938 1585 966 1640 in
978 1593 1057 1641 utere
1107 1591 1181 1662 plina
1196 1592 1417 1661 studiieoelestis,
1433 1608 1514 1663 qoem
1526 1592 1648 1664 prolecto
1661 1608 1756 1665 agrum
1769 1592 1890 1649 venditis
1984 1650 1985 1675 ¹

276 1684 401 1758 gloriosae
414 1683 528 1753 virginis
541 1680 634 1736 llarlae
648 1679 785 1735 celebrata
803 1686 845 1733 cst
857 1676 924 1733 unio
939 1677 1056 1732 duarum
1108 1682 1236 1738 omnibus
1246 1692 1401 1753 comparat,
1415 1685 1463 1754 qui
1483 1682 1666 1755 voluptatibus
1682 1683 1773 1741 carnis
1784 1698 1889 1740 moun·
1984 1682 1985 1703 ¹

274 1786 449 1840 naturarnm;
466 1774 524 1844 ipsa
535 1771 609 1827 euim
622 1782 719 1825 ornata
730 1766 923 1830 virtutibus,in
933 1781 965 1822 ea
980 1780 1058 1821 com·
1108 1773 1190 1842 tians,
1206 1784 1303 1830 cuncta
1314 1782 1420 1830 terrena
1438 1773 1572 1831 desideria
1584 1790 1632 1845 per
1642 1775 1889 1847 disciplinando-
1984 1772 1985 1781 ’

273 1868 346 1938 pieta
362 1860 685 1938 m5810r52311⁰d002lld
700 1879 707 1914 ²
721 1858 980 1930 Titulll'l‘lllml⁸
994 1871 1057 1927 lim·
1107 1867 1157 1923 stis
1172 1866 1323 1922 custodiam
1347 1866 1443 1922 colem.
1462 1866 1515 1923 Sed
1536 1882 1606 1939 opus
1626 1876 1670 1923 est
1693 1877 1723 1923 ut
1739 1870 1890 1929 thesaurus

274 1957 367 2012 adens
375 1958 412 2012 de
424 1953 541 2009 tholnmo
560 1969 619 2008 sno.
636 1950 740 2007 Diciltlr
752 1947 873 2022 &elesii
886 1964 893 2014 i
906 1946 1057 2003 seeundum
1106 1957 1232 2015 inventus
1243 1959 1419 2016 absconditus
1433 1968 1555 2015 serretur
1564 1960 1627 2032 quia
1639 1961 1759 2017 studium
1765 1962 1889 2021 colestia

274 2048 499 2120 sigmocatmncm
515 2046 586 2103 hauc
598 2044 697 2115 erponi
713 2052 803 2115 potest
818 2041 946 2114 praedicta
959 2048 1056 2096 aueto-
1105 2044 1234 2102 desiderii
1248 2060 1264 2100 a
1276 2048 1401 2120 malignis
1417 2048 1558 2120 spiritibus
1569 2052 1706 2108 custodire
1718 2067 1772 2108 non
1784 2052 1888 2112 sufficit

273 2144 352 2200 ritas.
374 2143 452 2198 Tunc
471 2141 545 2197 enim
565 2139 693 2197 Christos
708 2147 836 2209 tanquam
862 2146 1056 2206 sponsuspro·
1104 2137 1153 2208 qui
1171 2137 1225 2194 hoc
1247 2138 1281 2195 ab
1303 2138 1431 2197 humanis
1452 2140 1579 2198 laudibus
1603 2158 1658 2199 non
1675 2143 1828 2203 abscondit.
1855 2145 1886 2204 lo

273 2235 356 2292 cessit
367 2233 402 2291 le
417 2233 537 2289 thalamo
551 2248 613 2299 suo,
635 2230 745 2301 quando
765 2227 956 2300 praedicatores
979 2223 1056 2280 misit
1103 2230 1232 2301 praesenti
1245 2230 1312 2296 vita,
1326 2232 1406 2303 quasi
1430 2231 1459 2287 io
1479 2232 1523 2288 ria
1544 2248 1640 2290 sumus
1653 2249 1707 2306 qnia
1719 2237 1753 2292 ad
1766 2239 1885 2308 patriam

273 2328 301 2382 ln
314 2326 457 2382 mundum.
474 2322 577 2380 Dicitur
592 2322 657 2379 unio
675 2320 775 2376 Christi
788 2327 816 2375 ει
828 2316 966 2384 Ecclesiae,
983 2313 1054 2371 unde
1103 2326 1252 2397 pergimus,
1279 2324 1389 2398 maligni
1414 2336 1505 2383 aurem
1531 2329 1643 2398 spherus
1673 2330 1724 2386 pgr
1758 2341 1885 2390 „mum

273 2416 342 2472 liber
354 2415 529 2471 Canticorum
542 2413 642 2469 dicitur
653 2410 869 2483 epithalamium,
888 2409 915 2465 id
933 2416 975 2465 εει
987 2422 1056 2464 cao·
1103 2417 1182 2488 quasi
1197 2416 1309 2491 quidam
1323 2418 1468 2475 latrunculi
1484 2418 1619 2476 obsidem,
1642 2418 1795 2492 pepmdffl
1816 2439 1885 2497 “8⁰

272 2510 357 2566 ticum
372 2508 474 2563 editum
489 2505 524 2562 de
538 2506 658 2561 thalamo
669 2503 769 2559 Christi
784 2511 812 2558 et
823 2501 960 2569 Ecclesia),
971 2499 999 2555 id
1012 2507 1055 2556 est
1103 2508 1240 2567 desiderat
1253 2511 1301 2582 qui
1315 2510 1474 2576 thesaurum
1494 2510 1603 2582 publice
1619 2513 1648 2567 iu
1662 2512 1706 2569 ria
1718 2523 1820 2584 portat.
1835 2515 1886 2575 sie

206 2658 212 2673 „
270 2601 305 2657 de
327 2598 530 2670 conjunctione.
548 2595 654 2652 Dicitur
677 2608 755 2649 mens
775 2594 912 2661 bumana,
928 2592 999 2649 unde
1011 2591 1054 2648 di·
1102 2616 1168 2673 ergo
1179 2602 1295 2675 atropos
1311 2605 1339 2660 tn
1357 2604 1467 2676 puplico
1487 2611 1519 2660 m
1537 2603 1654 2663 intenae
1670 2617 1779 2663 mane„
1790 2606 1818 2664 5„
1833 2624 1885 2667 ω.

271 2683 1052 2754 eitor:Adornnthalomnmtnnm,Siort,ldest,obomo,
1103 2693 1194 2759 culto,
1226 2704 1256 2750 ut
1281 2695 1315 2751 de
1337 2696 1410 2752 bono
1436 2710 1517 2779 opere
1548 2698 1683 2768 proximis
1708 2701 1881 2769 prabeamus
1984 2694 1985 2697 ’

268 2782 375 2873 adorna
392 2779 539 2836 virtutibus
553 2787 670 2834 mentem
681 2785 774 2841 tuam;
792 2777 821 2830 in
834 2772 955 2829 thalamo
967 2789 1053 2845 spon·
1101 2786 1267 2857 exemplum,
1284 2794 1314 2842 ιιι
1327 2794 1384 2843 tum
1399 2802 1447 2858 per
1470 2785 1648 2843 intentionem
1672 2804 1725 2860 qna
1748 2790 1801 2845 soli
1822 2788 1884 2846 Deo

271 2890 319 2932 sus
336 2884 363 2930 et
378 2888 479 2946 sponsa
502 2870 671 2927 loederantur
693 2869 801 2940 sibique
820 2868 849 2924 in
871 2882 966 2923 amore
987 2867 1052 2939 jun·
1101 2876 1209 2949 placere
1221 2878 1380 2948 quemme,
1396 2893 1503 2949 semper
1518 2887 1642 2949 optemus
1656 2888 1799 2936 smum,

270 2976 381 3041 guntur,
394 2975 421 3022 et
436 2966 496 3021 ideo
510 2972 583 3019 recte
596 2962 717 3019 Ecclesia
732 2961 870 3017 thalamus
889 2958 989 3016 dicitur
1002 2974 1085 3041 teuc
1138 2972 1244 3028 mm
1266 2972 1337 3027 ptem
1355 2980 1397 3028 032
1416 2972 1489 3040 quod
1511 2971 1606 3029 pol-503,
1625 2971 1729 3029 ppetuu·
1739 2972 1806 3030 fides
1817 2975 1880 3032 δὴ,

269 3059 389 3132 perfeeto
405 3058 512 3125 animm
525 3056 589 3127 quta
603 3055 641 3111 ιε
661 3069 711 3126 mr
724 3067 847 3109 amorem
866 3066 967 3124 sponso
981 3050 1052 3108 lovi
1101 3064 1217 3136 tustino,
1231 3064 1340 3121 unoern
1353 3063 1400 3121 no.
1413 3062 1557 3136 septenne
1569 3083 1576 3119 ι
1588 3063 1759 3137 retempto
1774 3067 1884 3123 thorae.
1984 3054 1985 3061 ‘

155 3224 158 3230 ,
269 3153 340 3210 libili
358 3151 492 3223 lussllluh
515 3158 545 3205 ¹¹²
569 3148 629 3221 01⁰⁸
655 3145 790 3203 dissfflffl‘l
807 3144 902 3201 ”deal
925 3152 954 3200 0¹
977 3143 1052 3201 ”⁰¹¹²
1097 3162 1243 3233 justitiam.
1264 3160 1369 3216 Dicitur
1384 3159 1466 3216 etiam
1489 3157 1617 3216 lortitodo
1628 3160 1788 3231 spiritualis,
1806 3160 1884 3218 unde

268 3260 330 3319 ‹1¹¹ae
348 3244 403 3316 lam
420 3245 447 3299 5¹¹
469 3242 572 3299 ffl⁰⁰d⁰
596 3248 661 3297 ΝΜ
678 3237 863 3309 ⁰⁰⁰⁰⁰Dl⁵0³h
889 3234 965 3292 ⁸⁰⁰⁸
984 3249 1051 3307 ³⁸8⁰
1101 3253 1130 3307 iu
1141 3249 1194 3306 lob
1206 3251 1239 3307 de
1252 3258 1384 3322 potestate
1403 3249 1610 3321 diabolilegitur
1623 3265 1631 3302 ε
1645 3248 1712 3304 Cum
1732 3250 1883 3320 apprehen-

267 3339 395 3414 (luaelim
410 3335 471 3393 ”¹¹⁸
484 3335 654 3405 eilr'ssullim
666 3331 807 3405 llilesemis
819 3329 910 3387 ⁸²⁰⁰¹¹¹l
922 3327 1049 3385 ⁶⁰⁰50h·
1100 3342 1168 3397 derit
1189 3357 1248 3396 enm
1268 3340 1372 3411 plodint
1392 3341 1460 3410 ejus,
1486 3340 1623 3396 subsistere
1640 3355 1692 3395 non
1704 3341 1807 3412 'poterit
1830 3358 1884 3399 nee

267 3436 370 3490 tionem
382 3431 487 3501 recipit,
503 3428 550 3485 sed
565 3427 598 3483 ad
610 3426 778 3497 illamquam
792 3423 880 3493 diligit
891 3418 1051 3476 medullitus
1099 3429 1392 3502 hortamentorum
1406 3445 1454 3502 per
1468 3430 1585 3501 gladium
1598 3430 1701 3485 malitia
1718 3431 1821 3488 diaboli
1835 3433 1883 3490 nel

268 3524 398 3593 suspirat,
414 3519 509 3583 lorret,
525 3526 662 3588 properat,
675 3516 813 3571 anxiatur.
1100 3516 1176 3573 iraus
1189 3517 1259 3587 ejus,
1271 3532 1318 3586 per
1329 3519 1433 3574 hastam
1458 3520 1549 3589 jacula
1569 3521 1804 3592 praecipitationis,
1830 3537 1883 3594 per

304 3609 473 3682 Theophanis
495 3608 595 3664 dicitur
622 3606 763 3664 D'ominiea
788 3605 937 3679 apparitio,
959 3603 1050 3661 idest
1099 3608 1237 3665 thoracem
1257 3608 1386 3665 lortitudo
1408 3609 1554 3680 patientiae,
1583 3609 1763 3682 designatur:
1800 3611 1882 3666 hasta

266 3721 350 3779 qnam
377 3704 476 3759 habent
500 3700 590 3773 angeli
612 3708 641 3757 et
662 3698 749 3769 sancti
773 3698 808 3756 de
827 3698 883 3756 Deo
897 3698 927 3754 in
940 3697 1047 3770 patria;
1099 3701 1284 3759 adversarium
1309 3700 1486 3773 percutimus,
1521 3703 1632 3760 thorace
1659 3703 1695 3759 ab
1722 3703 1882 3759 adversario

266 3798 340 3855 unde
352 3806 379 3853 et
389 3795 509 3852 loannes
526 3792 625 3849 Scotus
637 3791 675 3848 ait
686 3790 760 3863 quod
773 3789 845 3847 Deus
856 3789 887 3845 in
903 3788 996 3846 lutoro
1007 3786 1049 3843 ri·
1097 3793 1237 3851 munimur
1259 3809 1293 3852 no
1304 3794 1484 3850 vulneremur,
1503 3792 1537 3850 Ει
1552 3794 1604 3850 1100
1619 3802 1662 3850 ent
1681 3794 1767 3850 :cnm
1781 3811 1881 3866 appu.

265 3890 374 3946 debitur
387 3904 438 3960 per
451 3886 585 3960 quasdam
608 3883 806 3955 theophaniam
826 3882 903 3954 qula,
920 3881 991 3938 sicut
1005 3880 1047 3937 sol
1098 3886 1218 3941 henderit
1232 3902 1291 3941 enm
1315 3886 1420 3958 pladins
1435 3887 1502 3956 einr,
1522 3887 1549 3943 id
1564 3894 1607 3945 est
1624 3886 1701 3944 lrans
1717 3888 1759 3945 rel
1772 3887 1880 3944 malitia

265 3981 372 4038 ridetur
386 3981 413 4036 in
430 3995 493 4039 aere
504 3978 640 4034 mediante
653 3976 731 4032 radio
751 3974 809 4030 aeri
832 3973 994 4040 commisto,
1006 3973 1047 4030 sic
1096 3978 1197 4036 diaboli
1211 3994 1265 4035 non
1280 3979 1546 4051 poteritsobsistere,
1560 3979 1816 4052 procreationeque
1827 3978 1880 4037 de-

264 4075 356 4130 dirina
377 4081 476 4127 natura
499 4086 549 4141 pet·
571 4068 719 4142 quamdam
742 4064 968 4122 iDomiuatiooem
989 4079 1045 4136 qua
1096 4070 1194 4139 lensio,
1215 4081 1267 4128 ete.

144 4194 146 4199 .
265 4181 343 4222 mens
356 4164 476 4221 hominis
490 4162 698 4219 illuminabitur.
713 4158 818 4217 Dicitur
829 4157 912 4213 etiam
923 4157 969 4213 illa
983 4155 1046 4230 Spi·
1132 4163 1251 4220 Thronos
1276 4166 1384 4236 proprie
1407 4166 1496 4224 sedes.
1519 4165 1624 4222 Dicitur
1643 4165 1877 4237 ordoaogelicus,

263 4256 333 4312 pirus
353 4254 440 4311 nancti
457 4252 548 4310 Patris
570 4251 704 4326 apparitio
724 4265 772 4321 per
797 4263 910 4318 rocem,
932 4264 981 4320 per
995 4263 1043 4305 eo·
1096 4257 1168 4312 undo
1182 4258 1290 4312 canitur
1303 4273 1310 4310 z
1325 4256 1424 4312 Throni
1436 4268 1461 4312 et
1479 4257 1682 4312 dominationes.
1700 4256 1803 4314 Dicitur
1812 4258 1880 4312 ani·

262 4348 362 4406 lomboc
374 4348 493 4417 speciem
503 4345 575 4402 lacta
587 4359 668 4416 super
678 4343 820 4400 Christum
839 4342 1042 4414 baptizandum.
1059 4334 1081 4389 Ι)
1096 4364 1139 4403 nra
1152 4347 1264 4416 Christi,
1281 4349 1353 4405 unde
1363 4348 1447 4405 David
1466 4345 1586 4406 :sedisti
1602 4366 1682 4419 snper
1695 4349 1815 4403 thronem
1825 4349 1878 4419 qni

299 4441 499 4506 Thesaurinnre,
518 4440 637 4512 proprie.
663 4437 746 4494 Notat
766 4437 942 4506 oceumnlore,
972 4438 1044 4494 unde
1088 4437 1207 4508 jndices.
1224 4437 1329 4496 Dicitur
1352 4441 1504 4512 aequalitas,
1526 4442 1598 4498 unde
1614 4442 1654 4497 sie
1673 4447 1762 4513 potest
1773 4442 1879 4511 exponi

261 4536 428 4607 Apostolus:
446 4533 499 4601 Qui
523 4534 684 4589 thesaurizat
708 4529 759 4586 sill
778 4530 848 4586 iram
874 4530 902 4584 in
925 4530 1041 4596 dicire.
1092 4529 1164 4600 quod
1179 4529 1297 4587 dicitur:
1313 4527 1412 4588 sedisti
1430 4548 1507 4601 snper
1525 4531 1656 4595 thronum,
1669 4531 1695 4588 id
1707 4532 1793 4588 estad
1806 4531 1880 4587 der·

259 4626 342 4683 Notat
354 4626 436 4681 etiam
458 4626 566 4691 mereri,
580 4624 651 4680 unde
673 4623 700 4678 io
716 4620 862 4694 Evangelio
878 4639 885 4676 ε
901 4619 1044 4676 Thetonri·
1092 4631 1178 4677 teram
1191 4622 1289 4688 Patris,
1305 4624 1331 4679 id
1355 4633 1396 4680 est
1416 4623 1528 4694 equalis
1541 4623 1626 4680 Patri.
1644 4623 1777 4680 Dicuntur
1790 4622 1879 4679 coele·

260 4728 318 4774 sote
331 4717 403 4773 nohis
416 4717 567 4772 thesaurum
582 4719 610 4772 in
627 4718 701 4772 eoeio.
1092 4715 1154 4780 stia,
1169 4715 1241 4770 unde
1256 4735 1263 4769 :
1280 4713 1371 4771 Nolite
1387 4714 1481 4785 jurare
1501 4731 1547 4785 per
1567 4715 1660 4771 coelom
1680 4716 1744 4786 pario
1762 4714 1878 4770 thronum

295 4809 455 4873 Thesaurus,
473 4810 591 4879 proprie.
607 4808 722 4872 Dicitur,
736 4807 881 4877 Christus,
908 4807 980 4864 unde
1012 4807 1040 4863 ln
1091 4803 1141 4859 Du·
1152 4816 1200 4861 est.
1214 4805 1317 4862 Dicitur
1326 4806 1468 4878 judiciaria
1483 4813 1613 4876 potestas,
1623 4804 1687 4876 quia
1700 4803 1816 4860 thronus
1826 4804 1880 4874 jn·

257 4902 422 4976 Evangelio:
434 4899 527 4957 Simile
537 4909 576 4955 est
589 4917 695 4973 reprom
710 4900 833 4955 celorum
848 4902 969 4957 thesauro
982 4900 1042 4955 ohe·
1090 4899 1192 4954 dicium
1206 4907 1264 4965 est;
1280 4897 1352 4954 unde
1363 4895 1488 4953 Christos
1499 4896 1538 4951 ait
1557 4896 1592 4952 ad
1609 4894 1748 4965 apostolos
1764 4913 1771 4947 :
1788 4890 1877 4949 oeae

258 4998 363 5052 eorrdito
380 4996 410 5051 in
437 5010 512 5068 apro.
532 4993 604 5065 Ager
625 5008 702 5049 sacra
719 4993 873 5064 Scriptura,
894 4995 1040 5051 thesaurus
1090 4991 1152 5045 litia
1166 5007 1244 5045 maer
1263 4989 1336 5046 tedes
1356 4989 1513 5052 duodecim:
1532 4987 1606 5043 unde
1628 4985 1712 5042 David
1729 4983 1877 5040 :Thronus
1984 5032 1985 5045 ,

257 5087 383 5144 Christus
393 5088 482 5143 latens
498 5086 525 5141 ln
543 5100 585 5141 ea.
602 5084 706 5141 Dicitur
720 5083 869 5155 Sapientia,
882 5085 954 5142 unde
967 5085 1040 5156 Apo
1090 5082 1286 5149 tons,Dens,in
1294 5081 1419 5139 seculum
1431 5080 1533 5136 seculi.
1541 5078 1646 5135 Dicitur
1655 5075 1787 5142 Ecclesia,
1799 5074 1878 5131 unde

146 5172 149 5179 ⁶
257 5181 343 5238 stolus
361 5179 746 5253 :Apndqnemrnntthesonri
760 5180 898 5249 snpientia
912 5188 937 5233 et
954 5179 1038 5234 scien·
1088 5173 1208 5232 loannes
1228 5172 1305 5231 :th
1320 5173 1414 5228 throno
1437 5171 1590 5227 Deiradini
1614 5183 1687 5224 corea
1712 5167 1876 5222 eccum.

258 5276 302 5330 tias
318 5272 467 5329 absconditi
472 5288 483 5337 ,·
503 5282 532 5328 et
554 5272 618 5328 alibi
640 5269 742 5327 Paulus
758 5287 765 5323 τ
780 5269 914 5325 llolemnr
930 5270 1038 5325 theson·
1089 5267 1122 5323 m
1135 5267 1162 5322 in
1182 5266 1235 5323 alio
1248 5266 1308 5322 loco
1331 5263 1430 5320 ibidem
1447 5261 1549 5321 :Solttr
1568 5260 1623 5316 Deo
1636 5267 1726 5314 nostro
1738 5257 1786 5329 qni
1799 5259 1878 5313 sedet

257 5366 408 5420 remittam
429 5364 458 5418 in
472 5365 542 5419 rosia
558 5364 695 5433 fictilibus.
724 5363 827 5420 Dicitur
845 5362 900 5417 vita
925 5371 1037 5427 teterna,
1087 5376 1165 5430 snper
1179 5361 1301 5414 thronem
1316 5357 1434 5428 ellone.
1452 5356 1555 5412 Dicitur
1567 5354 1650 5411 etiam
1663 5350 1751 5407 fidelis
1765 5349 1877 5417 anima,

257 5456 329 5511 unde
351 5454 484 5511 Dominus
509 5452 726 5513 :Thesaurirate
750 5458 885 5513 thesauros
909 5472 936 5511 tn
961 5454 1036 5511 coelo.
1087 5442 1786 5526 undelegiturquodaoimajustiestthronosDei.

257 5544 360 5601 Dicitur
372 5546 477 5601 occulta
489 5550 662 5610 commando
672 5547 903 5613 Psalmistaroni
915 5557 1037 5619 prorant
1124 5541 1298 5598 Thurilnlnm
1316 5540 1416 5599 dicitur
1436 5555 1484 5598 ms
1503 5540 1531 5595 in
1547 5539 1682 5611 quothot
1700 5535 1876 5593 incenditur.
1984 5588 1985 5613 ,

265 5640 351 5686 rrntor
361 5624 395 5687 'de
409 5631 537 5689 tirenonrir
550 5637 616 5706 rnir,
642 5637 668 5695 id
683 5645 736 5715 est·
750 5640 783 5699 de
798 5642 911 5700 occultis
932 5636 1034 5696 causis.
1086 5632 1430 5707 brcrturhumanaehrtsd
1440 5632 1630 5705 antummodo
1640 5632 1667 5689 in
1680 5629 1778 5702 Apoc:
1789 5626 1877 5686 Stetit
