3992 6042
180 173 233 231 als

181 294 250 349 Cum
266 290 310 347 lex
325 291 432 347 rixatur
445 291 528 349 sociae
542 293 681 349 contraria
695 292 759 364 legi,

180 383 229 441 Vel
247 392 343 441 contra
361 387 495 457 scriptum
509 385 615 443 discors
637 387 772 443 sententia
785 397 897 461 pugnat,

180 476 229 534 Vel
241 479 313 550 parit
326 478 354 535 itt
370 479 473 549 scripto
483 479 598 535 dubium
612 482 745 537 sententia
760 482 882 555 duplex;

178 568 228 627 Vel
243 572 354 640 quaudo
367 586 467 626 nornen
482 571 600 629 describi
614 573 712 643 possit,
726 583 755 628 ut
766 572 861 644 ipsum

178 661 306 720 Nominis
331 664 490 736 ambiguum
507 666 655 738 descriptio
669 677 743 723 certa
761 667 897 739 resignet;

178 753 227 811 Vel
239 770 302 811 cum
314 756 377 826 jure
392 756 456 823 loci,
468 770 604 827 personat,
620 758 754 827 temporis
769 758 827 829 ipsa

178 846 299 914 Quaestio
314 863 344 903 se
359 847 500 914 transfert,
517 849 586 905 alios
601 860 710 906 motura
726 851 880 920 tumttittts;

178 937 228 994 Vol
242 939 266 995 si
277 939 425 995 contendat
436 941 576 996 cententio
591 942 685 997 nescia
698 951 781 999 cette

176 1033 268 1105 Legis,
281 1042 308 1090 et
320 1051 336 1091 a
350 1035 434 1090 simili
448 1036 563 1091 rationis
577 1037 676 1092 robora
693 1048 800 1105 sumat;
843 1060 847 1065 ·

177 1126 321 1194 Quomodo
338 1128 464 1196 personis
478 1130 657 1184 accommoda
671 1129 780 1186 roboris
793 1144 871 1186 arma

176 1216 249 1274 Dant
266 1220 448 1290 argumentis,
464 1221 511 1275 sed
525 1218 595 1275 salso
607 1220 706 1276 robore
719 1229 815 1276 nutant

175 1308 292 1377 Nomen,
310 1322 418 1378 natura,
436 1313 523 1369 virtus
539 1312 572 1377 ¹⁸,
585 1311 750 1383 fortunaque
764 1314 857 1369 vultus

175 1400 474 1469 secernendorum,
492 1403 612 1469 babitus,
629 1402 747 1469 affectio,
764 1403 848 1460 lallax

176 1491 341 1561 Consilium,
359 1493 459 1560 studia,
472 1487 566 1561 casus,
581 1495 683 1561 oratio,
697 1492 814 1550 lactumss

176 1583 310 1640 Etent‘ttm
322 1593 383 1655 qnae
397 1582 567 1654 contineant,
579 1584 645 1657 quid
660 1586 747 1657 gestio
760 1586 825 1643 lacti

724 173 1040 235 snutetnttblsltbs.
1061 208 1096 219 -
1115 178 1181 237 bltt.
1203 179 1245 237 tlt.

1756 183 1811 240 titt

970 298 1009 360 ,Α
1024 294 1158 365 Splendor
1170 297 1314 367 adoptttus
1329 296 1435 368 sep‘ctit,
1448 298 1570 371 lignique
1584 308 1713 357 renuens

1021 387 1146 453 Essulat,
1162 398 1190 444 et
1201 389 1306 458 primos
1320 389 1360 446 sic
1371 390 1542 446 obliviscitur
1562 400 1649 447 ortus.

1020 477 1092 550 Ergo
1104 488 1239 534 tentonem
1255 494 1427 549 gemmarum
1440 480 1518 537 sicus
1534 481 1654 547 inaurat,

1020 568 1078 625 luto
1090 570 1161 625 tliem
1176 585 1272 626 terunt
1293 570 1382 626 reddit
1396 571 1443 626 lux
1456 574 1525 643 sista,
1542 572 1657 643 diesque

1019 660 1140 717 Materiae
1153 661 1250 729 debet;
1267 677 1330 717 nam
1346 661 1393 718 lut
1405 666 1498 721 nativa
1517 666 1576 722 diei

1020 752 1124 808 Lumen
1139 753 1297 823 adoptivum
1314 755 1379 826 ligni
1394 757 1510 812 miratur
1524 758 1653 814 adorans.

1019 847 1043 901 A
1058 846 1141 902 simili
1153 847 1237 903 variis
1253 848 1380 904 inscribit
1390 847 1504 905 boribus
1518 866 1596 905 stent

1021 938 1195 1009 virgenere
1213 955 1284 995 noto
1301 955 1402 1011 cogens
1416 941 1596 1011 innostescere
1610 941 1725 1000 lerrum.

1020 1031 1054 1088 Et
1067 1033 1193 1104 quamtis
1211 1032 1312 1089 serrum
1327 1035 1538 1105 soleattorpero
1557 1036 1647 1107 rigore

1019 1123 1152 1196 litigatis,
1168 1136 1195 1182 et
1210 1126 1315 1183 bruma
1328 1129 1415 1187 soleat
1427 1127 1549 1203 redolere
1559 1127 1702 1198 pruinam:

1020 1215 1077 1271 lloc
1090 1217 1209 1274 hiemem
1228 1219 1326 1285 nescit,
1343 1218 1429 1290 lsigus
1443 1219 1532 1275 natale
1545 1219 1714 1290 relinquens,

1020 1309 1197 1381 Usurpatque
1211 1311 1263 1366 sibl
1278 1312 1351 1367 risus
1363 1321 1389 1367 et
1404 1313 1504 1384 gaudia
1518 1312 1613 1380 ueris,

1019 1401 1053 1458 Et
1066 1401 1162 1458 laclem
1175 1404 1245 1473 prati
1262 1404 1406 1474 praetcudit
1423 1404 1542 1475 imagine
1557 1403 1666 1461 dorum.

1019 1495 1090 1552 butn
1103 1497 1143 1552 sic
1159 1506 1295 1553 temonem
1309 1499 1437 1569 gemmis,
1450 1506 1478 1552 et
1491 1496 1605 1554 lloribus
1623 1512 1702 1552 atem

1019 1586 1161 1645 Exhilarat
1178 1588 1265 1660 virgo,
1283 1589 1425 1646 cumulum
1443 1589 1542 1660 largita
1561 1589 1683 1655 decoris;

175 1677 331 1745 Continent,
347 1676 419 1733 lacto
430 1694 492 1749 quae
508 1679 563 1734 siut
575 1679 716 1749 adjuncta,
729 1679 773 1735 rel
786 1679 876 1750 ipsum
979 1669 1004 1734 Β
1017 1680 1159 1753 Pinqentis
1170 1683 1276 1739 calamo
1290 1683 1362 1739 cedit
1377 1682 1538 1749 tttba,.ccdit
1551 1692 1581 1738 ct
1592 1683 1682 1753 ipsum

176 1763 212 1821 ttt
226 1782 270 1824 res
286 1768 409 1837 deposcit
423 1768 505 1824 solito
520 1769 554 1824 de
568 1784 645 1824 more
660 1778 822 1840 sequantur.

175 1857 243 1926 Qtiis
256 1861 355 1916 modus
370 1861 397 1914 itt
414 1859 498 1927 lacto,
511 1860 554 1915 rel
566 1876 628 1932 quae
640 1860 794 1932 complexio
807 1858 883 1925 lacti,

175 1951 243 2020 Quis
255 1955 341 2019 locus,
354 1963 402 2008 aut
415 1961 533 2023 tempus,
547 1952 670 2019 occasio,
684 1967 779 2019 causa,
800 1951 928 2019 facultas,

173 2043 251 2101 llanc
267 2047 334 2100 artis
350 2045 419 2115 gerit
433 2044 548 2116 effigiem
563 2059 628 2115 pars
642 2045 724 2100 unica
735 2043 830 2100 sestis.

174 2137 229 2192 Sed
243 2145 334 2192 tamen
348 2136 485 2191 artificum
499 2134 622 2206 loquitur
633 2150 698 2206 pars
712 2135 798 2191 altera
819 2133 933 2192 lormas.

173 2230 232 2285 lllic
245 2228 411 2284 rltetoricsm
425 2228 477 2285 sibl
493 2224 545 2285 soli
557 2227 666 2284 Marcus
681 2227 805 2299 adoptat,

173 2321 233 2376 t'tno
245 2319 328 2388 parit,
344 2334 430 2390 quare
444 2318 585 2374 Ciceronis
598 2317 652 2373 fllia
667 2318 722 2374 dici

172 2415 225 2469 nrs
240 2413 340 2468 merito
354 2411 455 2483 poterit
466 2418 550 2481 quant
562 2411 649 2482 giguit
664 2408 781 2478 Tullius,
796 2425 812 2465 a
827 2425 884 2483 quo

172 2508 226 2563 Ars
239 2515 330 2562 ortum
342 2505 446 2561 ducens
461 2504 568 2560 censeri
580 2502 669 2558 Tullia
682 2502 786 2574 posset.

480 2661 595 2719 CAPUT
614 2661 657 2719 tlt.

170 2807 318 2865 Rdetosicoe
331 2816 457 2862 enotares
474 2805 522 2860 olii
538 2821 547 2858 .·
562 2802 757 2870 Quintilianus,
774 2801 961 2875 Sesamucltus,

208 2878 344 2935 Sidonius.
365 2877 506 2932 Rhetorice
521 2885 649 2930 temonem
663 2875 692 2929 in
713 2889 794 2929 curro
807 2874 962 2929 Prudentius

208 2959 288 3005 ornat
304 2950 412 3019 potantis
426 2959 451 3003 ct
466 2955 585 3018 arpenta.
600 2944 654 3001 Ani
670 2960 771 3017 qnoqttc
784 2945 961 3016 comestiones

208 3017 343 3089 insculpit.

170 3130 230 3189 llllc
242 3131 386 3202 multiplici
408 3130 550 3202 praesignit
565 3128 690 3186 carmina
704 3127 783 3196 dore,

171 3222 369 3292 Sermonisque
385 3232 464 3276 notas
479 3219 595 3276 enodius
612 3219 717 3275 ellrieat
731 3232 839 3275 omnes.

170 3312 356 3382 Quintilianus
369 3312 456 3380 adest,
469 3311 588 3383 quadam
603 3314 656 3368 sub
671 3311 792 3383 imagine
807 3309 868 3389 teri

169 3406 323 3461 Causarum
334 3403 428 3459 velans
439 3403 551 3458 umbras
563 3443 571 3469 ,
588 3402 706 3473 litesque
718 3401 840 3457 novellas

169 3496 272 3570 Fingit,
288 3506 315 3552 et
328 3498 355 3551 iu
366 3496 441 3551 litem
454 3496 527 3567 cogit
537 3496 597 3551 sine
607 3495 654 3552 lite
668 3495 772 3552 venire.

170 3588 354 3663 Symmachus
377 3586 404 3641 itt
420 3587 512 3643 serbis
530 3600 641 3656 parcos,
657 3585 705 3642 sed
729 3594 823 3643 mente
843 3583 960 3657 prolun-

842 3677 923 3750 ldus;

167 3773 305 3846 Prodigus
320 3772 348 3827 itt
361 3787 456 3838 sensu,
468 3769 561 3827 uerbis
577 3778 728 3843 augustum
743 3770 889 3828 abundans

152 3897 156 3901 „
169 3866 269 3934 ldente,
285 3866 333 3925 sed
351 3880 399 3921 ore
412 3865 512 3933 minor,
526 3863 619 3919 lructu
631 3878 685 3919 nott
697 3862 796 3920 fronde
807 3863 915 3932 beatus,

170 3959 275 4016 Sensus
288 3958 396 4015 diuitias
409 3954 483 4012 t'erbl
502 3956 635 4012 breuitate
649 3963 782 4012 coarctat.

169 4053 226 4108 llliu
238 4050 344 4107 Sidonii
356 4050 497 4106 trabeatus
511 4064 603 4105 sermo
625 4048 764 4120 relulgens

170 4134 265 4197 Sidere
278 4139 421 4211 multiplici
434 4139 570 4209 splendet,
586 4139 757 4210 gemmisque
771 4140 895 4197 colorum

169 4231 264 4297 Lucet,
283 4244 310 4288 ct
323 4230 351 4286 in
368 4230 449 4286 dictis
462 4230 587 4299 depictus
601 4245 672 4300 pato
692 4231 816 4288 resultat.

1017 1774 1122 1845 Coruo,
1138 1777 1233 1847 sicque
1250 1777 1305 1832 duo
1320 1788 1434 1832 sumunt
1449 1776 1502 1832 sibi
1514 1776 1577 1845 jura
1593 1776 1722 1831 duorum.

1320 1940 1436 1996 CAPUT
1460 1939 1506 1995 lt.

1021 2071 1126 2139 Quarta
1154 2089 1232 2128 soror
1248 2083 1287 2129 est
1311 2075 1497 2131 Aritlnnetico.
1515 2073 1582 2144 Eius
1606 2075 1704 2144 formu,
1729 2091 1805 2145 optes,

1052 2153 1105 2200 etc.
1122 2143 1191 2214 Ejus
1203 2146 1368 2200 uestimento.
1382 2146 1564 2200 At'itbmeticrc
1581 2162 1656 2200 ttsus.
1674 2145 1805 2199 dritltttte·

1052 2215 1106 2269 tico
1132 2216 1238 2284 conficit
1253 2216 1368 2286 primunt
1383 2226 1470 2270 rotent
1494 2216 1522 2268 in
1538 2233 1618 2270 cursa
1640 2214 1805 2273 Prudsnliae.

1051 2285 1233 2340 Antnmestcae
1243 2295 1362 2339 unctores
1375 2285 1585 2353 :Nicocreontis
1595 2284 1740 2352 Gildertus,
1750 2283 1804 2356 Pp·

1051 2355 1187 2425 tituporos,
1200 2354 1374 2427 Chrysippus.
1594 2372 1597 2381 ·

1014 2467 1120 2537 Quarta
1134 2482 1213 2525 soror
1225 2468 1361 2539 sequitur,
1374 2476 1479 2539 quartae
1492 2477 1552 2523 rota
1565 2468 1653 2539 prima
1668 2466 1771 2524 sororis

1015 2558 1064 2615 Est
1078 2575 1158 2631 opus,
1172 2558 1237 2616 buic
1255 2574 1354 2629 operas
1370 2575 1488 2630 operose
1503 2559 1611 2615 dedicat
1624 2559 1680 2615 illa.

1017 2651 1185 2725 thuamtis
1196 2654 1255 2710 baec
1269 2663 1367 2723 quarta
1378 2652 1458 2720 lutet,
1475 2661 1566 2708 tantett
1577 2669 1639 2709 csse
1658 2651 1805 2709 secundam

1017 2740 1052 2798 Se
1067 2752 1149 2812 negat
1164 2743 1192 2798 in
1209 2742 1294 2811 lacto,
1307 2745 1477 2800 contendens
1489 2743 1694 2815 pritna'tocati.

1014 2832 1086 2906 Ergo
1103 2835 1214 2902 decora,
1229 2836 1340 2904 decens,
1355 2836 1476 2907 gracilis,
1492 2836 1611 2902 subtilis,
1626 2846 1717 2903 acuta,

1013 2924 1110 2995 Pallet,
1126 2937 1153 2983 et
1165 2928 1192 2982 in
1206 2927 1283 2983 vultu
1299 2937 1470 2985 monstratur
1484 2929 1563 2999 copia
1586 2928 1696 2984 tuentis.
1739 2993 1741 2997 ,

974 3035 997 3095 c
1013 3017 1081 3074 Nam
1096 3020 1188 3076 tultus
1201 3029 1296 3075 noster
1306 3020 1375 3075 liber
1385 3027 1437 3087 est,
1449 3029 1475 3076 et
1486 3021 1575 3077 littera
1590 3020 1682 3076 cordis

1012 3108 1141 3177 Nuntius,
1158 3109 1291 3181 interpres
1306 3126 1400 3177 verax,
1415 3112 1555 3182 animique
1566 3116 1663 3184 lipara.

1014 3198 1130 3259 Solliciti
1147 3201 1250 3269 tultus,
1270 3201 1355 3256 animi
1372 3202 1527 3273 prudentis,
1545 3204 1655 3259 bonesti

1011 3293 1119 3363 Cultus,
1133 3294 1228 3351 attenti
1242 3295 1361 3365 speciem
1376 3293 1550 3365 lormamque
1563 3294 1680 3351 modesti

1011 3382 1070 3441 lloc
1083 3386 1163 3455 gerit,
1178 3395 1206 3440 et
1226 3400 1323 3441 sexum
1340 3386 1510 3442 transcendit
1525 3395 1616 3441 mente
1634 3386 1714 3441 virili.

1010 3474 1072 3533 Non
1088 3477 1149 3546 eius
1162 3491 1257 3532 roseos
1274 3476 1319 3532 ltic
1337 3476 1432 3532 incolit
1445 3476 1468 3508 ‘⁸
1485 3475 1589 3531 advena
1603 3476 1706 3544 tultus,

1013 3567 1066 3625 Sed
1078 3569 1154 3624 color
1168 3568 1295 3641 indigena
1317 3578 1431 3639 regnat,
1446 3583 1497 3624 nec
1512 3583 1632 3639 purpura
1647 3568 1750 3637 vultus,

1012 3660 1111 3717 Secum
1127 3660 1220 3717 lurtiri
1241 3661 1344 3731 patitur
1361 3658 1494 3715 lermenta
1508 3659 1622 3717 coloris.

1011 3755 1134 3812 Demittit
1149 3764 1232 3827 caput
1248 3755 1276 3810 itt
1287 3763 1400 3822 tertam,
1420 3770 1472 3811 nec
1489 3754 1594 3811 lubrica
1617 3769 1715 3811 sensus

1012 3849 1146 3919 Venator,
1163 3847 1247 3901 menti
1259 3847 1361 3903 cedens
1375 3846 1431 3917 agit
1443 3846 1497 3901 otia
1516 3846 1605 3901 risus.

1011 3937 1133 3994 Nensam
1148 3936 1319 4009 Pythagora,
1336 3952 1398 4007 quae
1411 3936 1496 3990 menti
1510 3935 1609 4005 pabula
1621 3935 1717 4001 donat,

1011 4032 1128 4089 Delicias
1145 4032 1231 4087 animi
1251 4030 1371 4101 sapiens,
1387 4045 1442 4084 nott
1458 4028 1582 4100 corporis
1595 4025 1691 4091 escas,

1013 4122 1136 4180 Sustinet
1159 4137 1213 4178 utta
1237 4135 1353 4184 manus,
1379 4134 1485 4192 pugnas
1509 4134 1607 4175 manus
1622 4119 1706 4175 altera
1721 4133 1802 4176 mott-

1674 4209 1765 4283 [strat.

169 4323 250 4397 350
266 4321 345 4379 Nunc
359 4332 467 4380 tenuem
483 4323 578 4393 gracili
592 4322 739 4379 meditatur
751 4324 885 4381 arundine
897 4340 959 4379 mu·
1011 4309 1090 4382 351
1106 4309 1222 4376 dimini
1235 4307 1356 4378 (fisiollii
1368 4320 1559 4373 ”llfflssfflfflfflt
1572 4306 1666 4377 biaelii
1684 4304 1761 4375 “iiiii

840 4416 923 4491 psam,
973 4391 997 4452 D
1012 4403 1118 4459 ludleat
1133 4401 1253 4456 insultus
1267 4399 1370 4465 uarios,
1384 4413 1571 4468 numerosque
1585 4398 1710 4464 rebelles,

167 4507 224 4564 Nec
239 4515 330 4567 tamen
345 4507 495 4580 exsanguis
510 4519 602 4562 sermo
615 4505 721 4577 ieiunia
735 4507 827 4582 lugete

167 4598 246 4658 Nunc
259 4600 389 4669 mediam,
404 4616 455 4655 nec
467 4598 494 4653 in
507 4599 560 4654 ima
576 4612 671 4664 ruens,
684 4597 774 4654 necin
790 4598 876 4655 ardua
897 4608 957 4654 tur-

833 4691 922 4766 [gens.

167 4784 246 4843 Nunc
262 4796 337 4842 tonat
349 4786 489 4857 altiloquis
502 4784 662 4842 describens
678 4783 749 4840 scria
766 4785 869 4851 verbis,

166 4876 224 4936 Nec
238 4888 329 4935 tauten
344 4878 439 4935 inllato
453 4878 576 4935 tumidus
590 4888 682 4948 crepat
695 4876 740 4932 ille
757 4877 850 4934 boatu.

167 4970 226 5028 lios
241 4972 313 5028 cultu
328 4970 422 5027 lesciva
440 4986 518 5028 suam
534 4986 587 5026 uon
603 4971 721 5027 detrabit
734 4980 821 5027 artem

166 5060 263 5134 Virgo,
277 5062 325 5118 sed
339 5062 368 5117 iu
380 5062 472 5118 cultus
483 5061 543 5133 ejus
558 5060 665 5117 lactura
679 5058 823 5116 redundat.

166 5153 289 5220 Cemmls
303 5155 437 5212 stellatam
453 5156 570 5226 speciem
585 5156 703 5210 temonis
724 5153 832 5225 inignit,

164 5246 290 5320 drqeuto
305 5248 422 5319 sparsim
438 5257 575 5304 temonem
589 5247 681 5313 restit,
693 5255 720 5301 et
736 5246 788 5317 ipsi

164 5338 247 5414 bigni
261 5343 393 5408 materiae,
407 5357 470 5413 quat
485 5341 570 5411 pollet
582 5342 688 5396 bonore
701 5337 813 5405 minori,

164 5431 302 5491 Externos
314 5433 451 5489 succurrit
463 5433 561 5497 bonor,
582 5430 746 5500 redimitque
757 5429 902 5486 minorem.

165 5526 247 5601 Lipui
260 5528 405 5601 primaevos
420 5534 508 5596 ortus,
523 5540 674 5597 omnesque
686 5524 814 5596 querelas

1011 4496 1144 4560 Tandem,
1157 4493 1251 4549 subtili
1266 4492 1406 4548 concludit
1420 4491 1490 4546 bella
1505 4490 1656 4562 triumpho.

1010 4588 1050 4644 Ex
1065 4591 1146 4661 bysso
1160 4595 1299 4652 contexta,
1320 4600 1371 4641 suo
1384 4584 1480 4639 testim
1495 4582 1594 4638 decore

1010 4679 1101 4736 Vestis
1117 4678 1238 4736 sidereos
1251 4677 1363 4732 investit
1374 4674 1489 4746 virginis
1504 4681 1590 4729 artus.

1010 4773 1137 4829 liuteries
1152 4771 1347 4837 submiserat,
1362 4768 1490 4824 subtilius
1505 4767 1592 4839 ipsam

1010 4867 1153 4923 blateriam
1166 4863 1297 4935 praecellit
1308 4878 1387 4933 opus,
1402 4860 1444 4918 sic
1455 4860 1588 4934 pratenit
1601 4873 1669 4927 usus

1011 4960 1122 5017 Nature
1135 4960 1218 5025 vires,
1232 4966 1386 5026 naturaque
1400 4956 1521 5012 vincitur
1535 4962 1604 5008 arte.

1010 5053 1061 5111 llic
1078 5056 1185 5128 pictura
1196 5054 1313 5125 loquens
1329 5052 1442 5122 scripto,
1455 5037 1633 5117 clamansque
1646 5040 1751 5113 liguris,

1011 5148 1084 5204 Nota
1099 5156 1190 5204 tamen
1205 5155 1289 5202 totam
1304 5142 1468 5200 numerandi
1479 5137 1610 5210 praedicat
1624 5144 1709 5191 artam
1727 5152 1734 5188 ι

1010 5241 1077 5309 Quat
1092 5238 1199 5295 nometi
1209 5238 1309 5305 virtus,
1322 5250 1383 5307 quae
1396 5234 1451 5299 les,
1465 5231 1528 5302 quis
1549 5243 1647 5296 nexus,
1662 5234 1690 5282 et
1703 5224 1781 5292 crdo,

1009 5333 1114 5400 Nodos,
1127 5346 1215 5399 amor,
1231 5329 1313 5396 ratio,
1327 5325 1430 5390 loedus,
1445 5317 1603 5387 concordia,
1619 5318 1709 5373 limes.

1009 5422 1156 5494 Quomodo
1172 5419 1303 5480 concordi
1319 5431 1450 5474 numerus
1465 5414 1532 5486 ligat
1544 5410 1637 5499 omnia
1651 5423 1735 5476 netu,

1011 5518 1125 5591 Singula
1140 5515 1290 5590 componit,
1307 5509 1440 5568 mundum
1455 5506 1535 5581 regit,
1549 5504 1660 5564 ordinat
1672 5499 1780 5570 orbem,

807 5616 923 5676 lltllilAE
940 5612 1144 5678 LECTlONES.

202 5711 226 5748 ¹¹
238 5711 299 5771 Ns.
316 5713 361 5787 lt,
377 5715 462 5773 rictu.
502 5712 525 5748 ’⁸
544 5712 598 5773 lls.
613 5711 658 5784 tt,
672 5708 870 5781 cotorincobt.
