3992 6042
171 225 227 285 ευ
553 217 811 281 alsathcrtortlls
828 218 1018 280 ulclluttlill
1036 218 1160 283 MOI..
1181 254 1217 268 -
1235 221 1391 286 SAR-m

209 624 355 681 Scotorum
368 624 470 682 dicitur
483 625 597 697 septima
621 624 680 682 dies
697 626 865 697 reprimens,
880 626 953 683 unde
966 635 990 690 Λ
1003 626 1109 683 Dicitur
1131 634 1304 683 uramentum
1319 641 1369 697 per
1382 642 1460 685 sacra
1473 627 1621 697 firmatum,
1637 629 1709 686 ande
1719 631 1789 687 solet

173 717 200 770 in
214 715 379 789 Evangelio:
396 715 463 773 h'rat
479 717 536 772 dier
551 733 662 788 mapaas
675 717 721 773 ille
744 717 864 774 Sublati.
881 717 954 775 Dici·
1003 713 1056 768 diei
1073 713 1145 769 :lite
1159 716 1249 785 firmat
1260 715 1309 769 hoc
1320 729 1494 774 sacramento.

174 819 218 865 tur
229 809 378 866 Sabbatum
394 811 547 881 septimana
569 811 727 881 indignitate
742 811 867 881 Sahhati,
883 812 954 868 unde
1039 803 1206 873 sacrariam,
1222 806 1333 877 proprie
1347 807 1423 863 locus
1436 808 1482 863 ulri
1496 811 1624 867 sacerdos
1639 811 1711 867 lavat
1726 826 1788 870 ma·

173 901 201 957 in
214 902 376 972 Eraagelio:
392 901 489 972 dejoco
506 902 545 957 iis
555 904 583 957 ia
598 901 724 958 Sabbata.
740 902 845 959 Dicitur
857 904 955 960 solem·
1004 916 1058 955 uus
1072 909 1135 971 post
1150 899 1381 955 communionem.
1399 899 1503 956 Dicitur
1515 903 1597 957 etiarn
1616 905 1692 961 locus
1705 903 1789 975 quem

172 995 254 1060 nitas,
270 994 341 1049 unde
356 993 383 1048 ia
399 993 513 1050 Threna
533 993 664 1049 Viderunt
675 1012 734 1050 eaor
745 996 831 1050 hortm
845 1004 871 1051 et
884 996 955 1051 deri·
1006 991 1109 1046 intrant
1123 1000 1227 1046 rantum
1244 991 1405 1064 presbyteri,
1425 992 1497 1047 uncle
1515 991 1615 1048 dicitur
1626 994 1654 1049 in
1671 997 1789 1054 coucilia

172 1097 260 1143 urana
276 1088 393 1146 sappam
405 1091 472 1162 eju&
488 1090 592 1148 nisime
611 1091 813 1163 requ105‚pnde
831 1093 952 1148 dicacur:
1004 1078 1165 1137 Laodieetrsi
1181 1098 1188 1135 :
1209 1079 1272 1135 Noa
1284 1090 1383 1151 oportet
1396 1083 1518 1138 diacones
1536 1083 1682 1154 iepitimam
1694 1082 1789 1142 draher'e

172 1180 203 1238 Si
220 1184 278 1254 quis
295 1192 412 1238 dimidii
429 1183 557 1254 (stadium,
570 1183 665 1237 ducem
676 1185 704 1238 {pp
725 1181 885 1254 Babylonem
897 1200 954 1238 m.
1004 1172 1124 1227 Sliii'sslidi
1137 1173 1295 1229 sacrarium.
1310 1172 1416 1229 Dicitur
1430 1174 1507 1230 100118
1522 1174 1549 1229 in
1564 1190 1620 1245 quo
1634 1192 1712 1232 Silera
1722 1193 1788 1234 VDSD

171 1274 234 1327 uicit
246 1273 300 1343 cepi
317 1283 341 1327 er
356 1273 421 1343 filiis
434 1272 502 1340 eius,
523 1274 603 1327 donec
614 1273 725 1328 intraret
739 1289 785 1328 ree
800 1273 953 1340 Persarum,
1004 1264 1184 1333 recipiuntur.
1207 1265 1279 1320 unde
1303 1267 1329 1320 in
1355 1269 1452 1323 eodem
1476 1268 1593 1323 concilio
1612 1285 1619 1320 τ
1638 1268 1788 1341 Presbyteri

171 1373 200 1418 aa
227 1364 400 1435 compleretur
434 1381 519 1420 sermo
556 1364 678 1421 Jefamioe
709 1375 734 1420 er
758 1364 902 1419 efferamur
926 1364 955 1418 in
1004 1365 1156 1425 naapetarrt
1171 1357 1224 1410 nisi
1243 1360 1452 1429 persemetipsar
1470 1359 1722 1431 autperiiiumqui
1744 1379 1788 1416 sa·

170 1466 244 1511 terra
258 1454 376 1513 Sabbata
388 1474 447 1512 sua.
467 1455 570 1512 Dicitur
584 1465 671 1513 lotum
691 1467 797 1527 tempus
813 1455 954 1526 praesentis
1004 1447 1122 1500 cilitium
1144 1456 1222 1503 leuel·
1248 1449 1354 1506 fficilssr
1378 1449 1510 1517 Ecclesia.
1533 1451 1606 1507 unde
1625 1451 1742 1523 Pl⁰sp⁰t
1754 1469 1789 1511 ex

171 1549 245 1617 ritae,
260 1550 332 1605 unce
356 1551 384 1604 ia
399 1549 544 1621 Evangelio
559 1568 566 1604 :
581 1549 712 1605 llemeata
735 1548 870 1604 obseruare
883 1548 954 1603 diem
1004 1541 1084 1598 dictis
1097 1542 1259 1614 Augustini:
1276 1543 1328 1611 Qui
1343 1545 1371 1599 ia
1383 1546 1503 1601 sacrario
1518 1557 1742 1616 operculumque
1756 1546 1789 1602 de

172 1636 293 1701 Saiioti,
311 1637 337 1692 iol
352 1647 394 1693 est
408 1640 590 1709 septenariam
600 1640 741 1710 praesentis
756 1640 817 1696 ritae
830 1637 953 1695 laniando
1004 1635 1123 1690 sacrario
1139 1645 1200 1690 rant
1212 1638 1302 1693 edam.

169 1731 206 1785 ab
222 1730 297 1785 omui
313 1744 395 1799 opere
406 1731 498 1786 servili
512 1737 539 1787 el
553 1746 569 1786 a
587 1741 709 1801 peceato.
725 1720 830 1788 Dicitur
848 1733 953 1803 puritas
1040 1725 1210 1799 Sarapieon,
1222 1732 1330 1803 proprie
1342 1731 1450 1798 offerre,
1467 1735 1539 1790 uncle
1549 1731 1634 1788 David
1650 1751 1658 1791 s
1676 1733 1789 1806 Sacrifi-

170 1822 269 1876 meotis
280 1830 307 1876 et
318 1830 404 1877 status
420 1831 526 1878 aternae
541 1822 727 1889 beatitudinis,
742 1823 812 1878 aride
823 1822 850 1877 in
861 1820 950 1877 isaia:
1004 1816 1069 1871 calo
1085 1819 1133 1872 tihi
1149 1820 1262 1875 hostiam
1273 1820 1372 1876 laudis.
1384 1820 1465 1877 ltotar
1477 1835 1560 1879 elram
1582 1824 1650 1879 hene
1670 1824 1788 1896 operari,

170 1911 231 1967 Erit
250 1911 395 1968 Saliorum
413 1927 445 1968 ea
461 1912 684 1978 Sabdato,irlesl
708 1913 857 1969 Sahlratum
874 1923 953 1969 aeter·
1004 1908 1077 1964 unde
1092 1908 1176 1965 David
1193 1929 1199 1965 :
1216 1911 1372 1983 sacrificare
1385 1916 1549 1985 sacrificium
1555 1916 1682 1986 iustitie.
1763 1917 1768 1926 '

169 2003 262 2059 nitoris
276 2004 397 2074 sequitur
411 2011 472 2073 post
484 2001 633 2057 Sahhatum
646 2002 809 2073 peccatoris.
967 2011 990 2066 Β
1039 1995 1217 2070 Sacrificium,
1226 2004 1344 2073 proprie.
1354 2004 1789 2077 Diciturspir-itnscontrihulatus.

205 2093 315 2161 Saccus,
340 2095 458 2166 proprie.
476 2093 582 2149 Dicitur
602 2094 720 2150 humana
741 2094 843 2150 Christi
856 2104 953 2152 natura
1006 2091 1078 2147 unrle
1092 2089 1176 2146 David
1193 2091 1380 2165 :Sacrificium
1393 2097 1447 2152 Deo
1458 2099 1567 2165 spiritus
1581 2099 1788 2157 corrrilolomr.

169 2201 231 2257 (μη
246 2201 327 2241 sacco
342 2194 515 2256 comparatur
538 2192 649 2256 propter
672 2185 845 2255 asphl'lilliem
866 2201 954 2257 1)oessae
1005 2176 1111 2233 Dicitur
1128 2178 1197 2233 bonit
1209 2182 1346 2251 operalio,
1362 2185 1433 2241 unde
1449 2184 1593 2243 psalmista
1610 2207 1617 2243 :
1632 2187 1791 2259 sacrificale

168 2293 252 2348 quam
273 2278 439 2348 assumpsit,
462 2276 954 2335 etsicutsacruscontinetirumea·
1005 2268 1789 2349 sacrificiumjusritia.Diciturlausdivinaquaeeritin
1844 2346 1848 2353 ,
1923 2314 1929 2325 ·

169 2380 238 2435 rum,
256 2369 297 2426 sic
320 2368 500 2425 huraaaitatis
525 2378 621 2424 natura
648 2370 747 2426 velarit
774 2380 900 2427 naturam
915 2371 955 2427 di·
1005 2356 1108 2425 f⁰i¹¹i⁰2
1127 2361 1316 2419 ⁰Dd002l'5d2
1334 2362 1505 2435 Siciificilm
1520 2366 1608 2422 “¹¹⁴4ss
1630 2369 1789 2441 ¹⁸⁰i¹⁰i5fi⁶⁰i

167 2463 305 2529 multatim
328 2462 400 2518 unde
427 2461 536 2517 David:
557 2460 704 2517 Concidisti
726 2480 831 2517 saccum
855 2480 952 2529 meum,
1004 2465 1056 2504 ”¹²-
1069 2448 1202 2509 Difflssffli
1216 2453 1322 2524 ifliuliae
1343 2463 1371 2511 ⁰²
1392 2459 1563 2531 ⁰⁰¹¹¹i¹ffle¹l³ss
1578 2475 1647 2530 ‘1⁰²⁵
1663 2461 1790 2520 Chilsilss

169 2554 221 2609 hoc
240 2552 395 2609 factumest
409 2553 436 2608 ia
451 2552 554 2609 Christi
572 2563 660 2610 morte
672 2553 783 2624 quando
802 2552 893 2608 anima
907 2567 952 2608 se·
1003 2542 1148 2611 D¹⁰¹1⁰¹¹1⁵
1164 2544 1235 2610 trrlit,
1251 2546 1321 2601 unde
1344 2544 1489 2603 Psalmisla
1506 2567 1512 2604 τ
1528 2552 1631 2606 Memor
1653 2553 1689 2606 sil
1704 2552 1791 2609 omnir

167 2655 261 2717 parata
274 2656 315 2702 est
329 2661 344 2701 a
358 2659 493 2716 corpore;
511 2653 538 2700 et
552 2645 677 2716 sequitur
692 2661 698 2698 :
714 2643 751 2698 Et
763 2644 954 2699 circumcidisti
1003 2633 1130 2702 issssfl'fissi'ff
1145 2635 1196 2699 illi,
1219 2635 1246 2691 id
1269 2645 1311 2691 est
1335 2636 1419 2693 iacias
1433 2653 1484 2695 nos
1507 2655 1643 2699 memores
1653 2640 1791 2702 'omnium

168 2737 396 2803 melatiria‚·hoe
412 2737 512 2792 lacrum
527 2737 610 2793 estin
626 2737 836 2794 resurrectione.
848 2735 953 2792 Dicitur
1003 2722 1167 2793 iniuriarum
1183 2734 1211 2781 θῑ
1235 2728 1463 2786 ⁰⁰¹¹¹l¹¹¹i0¹5³i⁰¹⁰
1490 2747 1559 2802 quas
1576 2749 1626 2801 Dii)
1650 2737 1730 2793 ¹¹⁰1·ss
1747 2746 1792 2793 ill·

168 2829 320 2905 mortalitas
335 2842 396 2898 auae
410 2825 577 2897 proptersui
591 2826 765 2895 asperitatem
783 2838 951 2880 saccorum·
1002 2816 1069 2873 listi.
1090 2816 1194 2872 Dicitur
1214 2832 1416 2878 sacramenlum
1441 2824 1626 2893 eucharisum,
1650 2830 1722 2885 unde
1749 2831 1791 2887 sic

167 2930 290 2989 paratur,
307 2922 379 2976 urrde
396 2920 436 2976 sic
453 2926 543 2989 potest
563 2919 661 2989 exponi
682 2918 811 2989 praedieta
834 2916 952 2972 auctori-
1002 2916 1093 2979 potest
1104 2911 1203 2980 exponi
1218 2914 1345 2982 praedicta
1357 2917 1507 2973 auctoritas
1519 2932 1526 2970 :
1539 2916 1703 2988 DEcclesia,
1717 2920 1790 2978 Deus

167 3022 210 3067 las
225 3028 232 3066 :
251 3009 397 3068 concidisti
411 3027 517 3065 uaccam
530 3026 626 3070 meum.
640 3007 667 3063 id
681 3018 723 3064 εει
741 3007 865 3062 liberasti
877 3022 920 3062 me
935 3021 951 3062 a
967 3070 969 3085 Ι
1004 2998 1040 3056 sit
1051 3016 1155 3056 memor
1164 3004 1256 3060 carnis
1269 3006 1398 3062 saerillcii
1409 3009 1448 3062 tui
1462 3010 1496 3065 ad
1509 3014 1790 3081 remurmuremus

168 3102 333 3156 mortalitate
346 3109 375 3156 et
395 3101 435 3155 sic
455 3099 646 3153 circumcidimi
663 3114 704 3152 me
723 3097 828 3153 latitia.
849 3097 952 3153 Dicitur
1003 3093 1169 3150 sacrificium
1186 3094 1317 3154 Ecclesia
1331 3100 1496 3170 previdebat
1517 3103 1648 3173 propheta
1666 3119 1716 3174 per
1732 3104 1791 3174 spi·
1872 3142 1875 3151 .

169 3194 299 3260 ciliciam,
315 3193 386 3248 unde
400 3192 499 3264 legitur
511 3191 584 3262 qaod
595 3189 690 3246 Achab
709 3206 758 3247 rex
768 3189 852 3245 lsrael
869 3189 952 3245 ludu·
1003 3182 1098 3249 ritum,
1109 3199 1171 3253 (1¹1ae
1183 3184 1261 3240 alicrt
1275 3202 1329 3242 lton
1343 3188 1507 3246 sacrificium
1518 3192 1653 3261 pecarium
1666 3193 1713 3248 seri
1726 3209 1789 3250 cur·

168 3297 213 3343 tus
225 3294 284 3342 erat
298 3301 389 3352 sacco,
400 3285 427 3340 id
441 3293 483 3341 est
496 3285 596 3341 cilicia.
611 3282 715 3340 Dicitur
730 3283 871 3354 propheta,
886 3282 951 3354 quia
1002 3275 1078 3345 poris
1094 3283 1122 3331 et
1137 3277 1277 3347 sanguinis
1296 3276 1415 3334 Domini.

168 3379 240 3434 sicut
258 3380 289 3434 in
309 3393 389 3435 sacco
407 3378 564 3433 continetur
586 3375 764 3442 frumentum,
779 3375 818 3431 sic
841 3376 868 3429 in
886 3359 987 3444 pro-C
1038 3365 1161 3436 stimmo
1175 3370 1247 3426 idem
1268 3372 1342 3442 (luod
1364 3382 1503 3442 sancium,
1517 3375 1590 3431 uncle
1603 3376 1671 3457 θιὼ)
1690 3377 1791 3434 dicitur

168 3469 257 3538 phetis
271 3470 387 3524 medulla
408 3469 594 3539 intelligentia.
614 3468 776 3539 spiritualis,
790 3468 864 3523 unde
886 3481 953 3536 apo·
1004 3477 1091 3530 sacer,
1114 3463 1141 3517 id
1166 3472 1208 3519 est
1230 3478 1352 3522 sancias.
1368 3465 1473 3523 Dicitur
1497 3478 1704 3538 consecratum,
1719 3471 1791 3527 unde

168 3560 232 3614 stoli
247 3561 375 3616 dicuutur
385 3559 432 3615 salii
448 3575 638 3626 excussorum,
651 3559 678 3614 iul
691 3566 733 3616 est
746 3560 951 3629 prophetarum,
1003 3555 1124 3612 chrisma
1137 3556 1238 3612 dicitur
1258 3573 1367 3614 sacrum
1383 3559 1425 3615 rel
1446 3560 1531 3616 altare
1552 3560 1653 3617 dicitur
1667 3578 1777 3621 sacrum

169 3667 241 3724 quos
260 3651 340 3723 quasi
363 3666 459 3708 saccos
471 3659 651 3707 excusserunt
668 3654 778 3720 qrrando
797 3649 953 3720 prophetias
1005 3643 1112 3701 Dicitur
1125 3647 1312 3717 sanctificans,
1332 3650 1404 3706 unde
1423 3650 1506 3706 rcrlra
1530 3667 1592 3721 quae
1613 3652 1743 3708 dicuntur
1759 3653 1789 3708 irr

167 3749 450 3814 eorumaperuerunt.
1003 3736 1090 3791 missa
1114 3752 1192 3793 sacra
1214 3737 1354 3809 dieantur,
1377 3741 1468 3796 idest
1493 3740 1684 3798 santificantia.
1706 3741 1791 3798 Notat

206 3834 474 3907 Sacerdos,proprie.
486 3833 594 3890 Dicitur
604 3828 740 3899 Christus,
756 3831 828 3887 unde
841 3829 951 3887 Darirl:
1004 3825 1061 3883 Dea
1076 3829 1252 3895 ‚saecolorum
1275 3832 1408 3898 ohlatum,
1430 3832 1503 3888 unda
1525 3834 1621 3889 hostire
1642 3833 1670 3889 in
1696 3831 1789 3890 Veteri

171 3929 211 3984 lu
225 3947 251 3984 cs
265 3929 388 3983 sacerdos
412 3928 440 3982 ia
463 3937 600 3983 aternum.
625 3924 729 3981 Dicitur
746 3933 867 3991 sanctus,
882 3925 954 3981 uode
1004 3920 1178 3979 Testamenta
1191 3923 1351 3979 dicebantur
1371 3938 1467 3979 sacrae.
1490 3922 1596 3981 Dicitur
1610 3926 1789 3998 exsecrabile,

170 4019 256 4076 Dauid
272 4036 279 4074 r
295 4018 451 4076 Sacerdotes
476 4020 516 4073 toi
530 4018 679 4074 inducatur
688 4015 814 4088 justiam·
825 4017 953 4073 sacerdos
1004 4012 1076 4069 uuae
1091 4013 1119 4070 in
1136 4012 1195 4070 Vita
1209 4014 1296 4071 sancti
1309 4013 1413 4071 Nicolai
1429 4031 1437 4071 ε

168 4113 270 4169 dicitur
286 4114 399 4184 primas,
416 4111 532 4168 cardeia
554 4110 649 4167 Exodo
671 4110 770 4182 legitur
790 4110 863 4182 quod
878 4107 953 4166 letro
1073 4131 1116 4186 pp
1130 4132 1194 4203 qum
1206 4149 1258 4187 „n
1272 4132 1397 4190 ‚mea
1410 4143 1515 4206 ,mm
1525 4137 1595 4207 σοφὴ

168 4202 223 4260 luit
235 4205 360 4260 sacerdos
374 4202 491 4270 lladiau,
505 4202 532 4258 id
542 4210 585 4258 est
594 4201 720 4272 princeps
731 4199 952 4256 lladianltarum.
1039 4202 1107 4259 Auri
1120 4220 1197 4258 sarra
1210 4203 1312 4275 samer!

169 4296 274 4352 Dicitur
290 4297 407 4352 afferens
423 4295 588 4353 sacrillcium
601 4311 651 4366 pro
667 4295 769 4366 populo
785 4303 812 4351 et
827 4308 877 4365 pro
891 4294 953 4351 aliis
1040 4294 1144 4367 Sapere
1163 4294 1235 4351 iuem
1261 4296 1335 4367 quod
1358 4304 1425 4353 rete.
1451 4294 1555 4353 Dicitur
1579 4294 1700 4353 Ecclesia
1727 4295 1787 4364 Del,

169 4404 264 4453 araas,
287 4388 359 4444 uncie
375 4385 574 4446 Melchisedech
589 4388 679 4445 dictus
702 4395 745 4443 εει
762 4387 891 4444 sacerdos
904 4384 954 4442 Dei
1004 4391 1077 4443 riade
1097 4385 1193 4442 llstuc
1208 4404 1215 4442 :
1230 4383 1321 4442 Simile
1344 4394 1383 4442 est
1409 4403 1517 4458 reanum
1540 4386 1664 4443 calorum
1683 4404 1790 4461 sapsam

169 4482 308 4539 altissimi.
1004 4481 1093 4535 misse
1104 4480 1131 4534 ia
1144 4496 1227 4548 mare,
1247 4480 1313 4551 qnia
1330 4480 1358 4535 in
1374 4496 1475 4552 sagena
1488 4480 1662 4538 contineatur
1677 4481 1740 4538 boni
1760 4490 1790 4539 ει

205 4574 388 4633 Sacerdotium
400 4576 507 4647 proprie
517 4575 617 4633 dicitur
629 4582 781 4632 conventus
795 4585 952 4633 sanctornm
1004 4573 1069 4628 mali
1082 4574 1180 4645 pisces,
1198 4573 1225 4630 ici
1241 4573 1326 4631 estin
1347 4572 1469 4630 Ecclesia
1494 4574 1601 4631 boniet
1622 4576 1688 4631 mali
1709 4576 1788 4632 colli·

170 4681 200 4721 se
214 4667 331 4723 offerens
342 4665 398 4723 Deo
414 4667 441 4721 in
466 4668 642 4731 sacrificium,
658 4666 731 4722 unde
748 4665 845 4723 Petrus
861 4665 889 4722 ia
905 4682 953 4722 ea·
968 4704 991 4760 D
1006 4674 1116 4737 guntur.
1130 4665 1235 4722 Dicitur
1247 4680 1325 4723 saera
1347 4664 1487 4737 Scriptura
1497 4708 1505 4734 ,
1517 4664 1593 4738 juata
1605 4684 1687 4739 quam
1701 4667 1789 4740 signi·

171 4772 235 4811 non.
251 4756 395 4828 Epistola:
417 4757 468 4814 Vos
482 4759 545 4812 estis
561 4775 641 4829 penus
663 4758 784 4826 electam,
801 4758 888 4829 repale
908 4775 954 4813 sa·
1005 4758 1159 4814 licatioaem
1180 4757 1379 4830 potestespoai
1392 4759 1521 4829 praedicta
1545 4761 1704 4828 samaritas,
1720 4761 1786 4832 quia

172 4848 328 4918 erritorium,
342 4851 368 4907 id
392 4859 434 4907 est
455 4866 533 4921 repes
547 4859 574 4906 et
596 4851 765 4919 sacerdotem
783 4866 871 4921 reges,
886 4850 952 4921 quia
1004 4867 1020 4907 a
1040 4852 1143 4908 sanctis
1158 4850 1284 4909 Patribus
1308 4866 1386 4909 saera
1403 4850 1541 4924 Scriptura
1565 4852 1723 4908 hominihus
1742 4854 1785 4909 dl-

169 4952 221 4996 nas
238 4940 346 5012 regitis3
362 4944 528 5010 sacerdotes,
541 4942 605 5014 quia
617 4942 677 4998 oleo
698 4943 834 5014 spirituali
849 4943 952 4999 inuncti
1003 4958 1145 4999 uersurum
1158 4943 1278 5013 partium
1292 4926 1320 4999 et
1341 4943 1480 5015 proposita
1503 4953 1530 4999 et
1546 4943 1667 5012 exposita
1691 4953 1743 5012 est,
1758 4953 1788 5003 et

170 5034 239 5089 estis
249 5042 277 5088 ει
289 5049 354 5091 vero
365 5035 421 5092 Deo
433 5037 598 5094 sacrillcium
609 5035 722 5092 chortis.
734 5035 839 5092 Dicitur
852 5034 953 5091 sancti·
1002 5051 1051 5108 per
1060 5051 1120 5092 eam
1131 5035 1231 5092 diversi
1246 5036 1274 5091 in
1284 5037 1386 5094 unitate
1396 5035 1522 5093 Ecclesiae
1529 5035 1704 5105 colliguntur,
1716 5051 1787 5107 quo·

172 5131 225 5190 tas,
243 5125 314 5181 unde
336 5125 364 5180 iu
383 5125 466 5183 Eccli.
481 5146 489 5181 t
503 5127 540 5184 Ει
552 5129 624 5184 dedit
646 5127 686 5182 illi
700 5129 877 5182 sacerdotium
895 5145 952 5182 ma·
1004 5145 1065 5185 rum
1080 5129 1126 5184 alii
1137 5128 1212 5196 honi,
1225 5127 1271 5183 alii
1287 5128 1362 5183 mali.

171 5233 262 5287 prum.
1040 5218 1157 5292 Supina,
1183 5220 1300 5291 proprie.
1327 5218 1432 5274 Dicitur
1461 5216 1567 5272 araaclo
1588 5231 1669 5286 quarn
1702 5215 1786 5273 mittit

206 5306 420 5378 Sacramentum,
443 5311 541 5369 dicitnr
570 5331 655 5373 sacrae
678 5316 719 5372 rei
743 5314 862 5387 signum,
880 5313 953 5370 urrde
1003 5313 1119 5384 puerad
1135 5313 1343 5370 similitudinem
1357 5309 1472 5381 sagittae,
1492 5306 1782 5380 undezSapittapar·

170 5402 358 5474 Augustinus:
377 5400 576 5461 Sacramentum
587 5417 624 5462 est
636 5408 776 5463 inuisibilis
786 5408 880 5480 pratia
890 5407 954 5462 oiri·
1003 5406 1124 5462 aularum
1135 5406 1214 5477 iacta
1225 5415 1286 5460 suat
1297 5402 1383 5474 piapoe
1393 5416 1493 5469 rarum,
1514 5402 1540 5457 irl
1556 5410 1599 5457 est
1617 5400 1784 5471 persecutio-

172 5493 232 5550 litis
245 5494 341 5565 [arma.
355 5494 460 5553 Dicitur
474 5509 675 5555 sacramentum
689 5500 827 5572 signatum
848 5498 891 5554 rel
905 5513 951 5555 sa·
1003 5496 1215 5555 nesiudaeorum
1226 5497 1327 5568 quihus
1339 5493 1476 5565 persecuti
1488 5493 1697 5550 suntChristum
1709 5508 1785 5548 rom·

171 5604 249 5644 crum
268 5598 414 5656 secretum,
429 5589 501 5645 uude
522 5587 625 5647 Paulus
656 5591 690 5646 de
709 5591 953 5651 incarnacionem·
1002 5586 1557 5661 parabileslueruntsapittisparrulorum,
1569 5585 1596 5641 id
1609 5582 1784 5641 estelhcaoes

172 5698 257 5752 queas
282 5684 319 5739 ait
339 5683 411 5754 quod
435 5682 504 5737 illud
524 5682 709 5738 corcordiam
730 5683 781 5754 luit
804 5682 950 5740 asaroth.
1003 5682 1053 5750 sic,
1071 5679 1167 5754 [arrad]
1182 5695 1232 5735 nee
1256 5677 1369 5735 Christo
1388 5693 1438 5736 nec
1461 5677 1592 5736 memhris
1608 5677 1668 5748 ejus
1680 5688 1783 5733 amar·

1982 4902 1986 5015 i
