3992 6042
130 236 185 301 5⁸9
208 262 210 268 1
666 229 990 328 'submentalibus
1003 250 1045 278 ·-
1063 235 1128 293 bib.
1148 236 1202 294 vlt
1694 242 1747 302 mil

127 350 209 409 deris
221 349 352 407 insultum
365 348 454 414 sistat,
469 347 612 420 morbique
626 347 792 418 procellam,
926 356 950 413 Α
962 350 1069 423 Decipit
1082 351 1128 408 illa
1143 366 1247 420 senem,
1258 367 1382 425 gressum
1396 353 1527 421 secludit,
1542 364 1570 412 et
1583 354 1622 412 btt

127 442 226 515 Frigus
240 442 379 508 avaritiae,
390 440 503 511 iedeque
517 438 638 495 libidinis
652 448 769 494 aestum:
963 442 999 499 Se
1012 445 1106 515 procul
1123 445 1248 501 absentat
1263 444 1387 518 lugiens,
1405 447 1556 520 callemque
1570 455 1709 504 remotum
1736 500 1740 505 ,

127 533 238 591 luridia
250 533 326 589 sedet
339 532 490 600 stimulum,
504 540 691 602 contemperet
705 530 791 597 iram,
961 536 1061 604 lutrat,
1072 547 1103 593 ut
1119 537 1192 593 illius
1204 546 1288 608 queat
1301 555 1456 612 expugnare
1471 540 1602 597 furorem.

128 623 297 681 Periuudeus
306 623 425 679 animam
439 621 543 678 coelesti
559 636 620 679 rure
634 621 769 693 perungit.
960 629 1045 702 380
1061 629 1226 701 Saturnique
1240 641 1331 686 tamen
1346 633 1477 689 sensisset
1493 634 1605 704 spiritus
1617 631 1698 701 iram,

127 716 200 790 Ergo
213 725 310 788 potens
324 715 380 771 toti
391 714 462 771 coelo
473 713 624 770 demittitur
638 713 693 769 alto
960 719 993 776 Ni
1005 723 1096 793 liquor
1106 722 1238 796 unguenti
1253 722 1325 779 circa
1337 724 1360 757 ⁸⁰
1373 735 1528 795 pugnasset,
1540 737 1567 783 et
1578 726 1656 781 illutu

128 807 222 881 Virgo,
235 808 349 880 gradum
365 815 501 878 properat,
515 805 634 877 illucque
643 806 786 862 revertitur
803 805 874 862 unde
962 812 1080 870 linceus
1095 812 1229 870 leruorem
1245 825 1400 885 superasset
1414 817 1526 873 coelieus
1539 819 1637 874 imber.

126 901 260 970 Veneram
278 902 305 955 ln
321 900 420 955 coelum
435 899 522 955 stellis
533 897 703 954 radiantibus
717 897 815 954 ardeus
962 905 1010 963 Sic
1019 906 1131 963 Veneris
1144 907 1288 977 pestes,sie
1298 907 1392 965 blattis
1407 909 1508 979 decipit
1519 922 1613 975 aestus,

124 989 264 1057 Pervenit,
274 991 395 1046 occurrit
408 990 495 1056 ratio,
508 998 627 1061 totoque
640 988 755 1059 potitam
961 995 1153 1069 Lunaremque
1167 999 1276 1070 globum
1291 1017 1299 1055 z
1313 1016 1374 1071 quae
1388 1003 1496 1057 tandem
1510 1001 1615 1072 singula
1631 1002 1744 1061 uincens

125 1080 243 1149 undat,
255 1091 282 1137 et
292 1081 412 1138 auctoris
423 1081 537 1136 miratur
547 1080 618 1137 duna
629 1079 750 1151 superui·
961 1088 1129 1146 lmmeusum
1144 1100 1317 1148 consummat
1332 1092 1355 1125 ⁸¹
1369 1093 1429 1156 iter,
1443 1096 1569 1164 votisque
1581 1107 1710 1153 sororum

126 1175 206 1233 Tune
216 1176 340 1241 comites,
351 1189 466 1245 quarum
482 1174 565 1230 ductu
577 1175 720 1245 prudentia
736 1190 846 1231 sursunt
962 1183 1122 1254 Exspectata
1137 1183 1184 1238 diu
1197 1183 1340 1253 prudentia
1356 1186 1494 1255 redditur;
1508 1188 1588 1243 oilert

125 1268 231 1335 Evasit,
238 1267 355 1323 reddens
365 1267 636 1338 grates,solveasque
642 1267 768 1333 salutem,
961 1271 1073 1331 Naturae
1088 1273 1199 1330 eteleste
1209 1275 1319 1342 datum;
1334 1277 1450 1332 miratur
1463 1278 1490 1332 iu
1503 1279 1549 1334 illo

125 1361 242 1427 llcserit,
257 1359 291 1415 ad
306 1374 416 1415 currum
427 1373 534 1424 rursus,
549 1357 715 1428 solitumque
730 1373 874 1417 recurrens
958 1364 1081 1421 drtitlcis
1092 1375 1190 1420 natura
1202 1381 1325 1429 manum,
1341 1382 1494 1439 manusque
1509 1371 1618 1428 beatum

124 1456 255 1529 Aurigam
270 1463 443 1524 veteremque
452 1453 525 1509 viam
541 1452 634 1525 gavisa
649 1454 774 1510 resumit.
957 1455 1073 1525 Laudat,
1089 1468 1116 1513 et
1129 1458 1155 1512 in
1167 1457 1239 1515 douo
1252 1459 1379 1515 laudatur
1393 1462 1481 1531 gratia
1492 1463 1593 1521 datitis.

124 1544 205 1601 ‘lunc
218 1544 277 1601 loca
294 1543 440 1614 pertransit
454 1541 573 1598 Saturno
585 1543 723 1614 protima;
739 1553 819 1601 caute

615 1801 699 1875 389
718 1789 897 1879 LIBER
932 1789 1247 1883 SEPTIMUS.
1272 1872 1277 1881 .

374 2142 488 2201 cnubt
507 2141 653 2200 rutubus.
923 2139 998 2204 BEr
1018 2141 1062 2199 bis
1073 2142 1215 2199 materiem
1229 2143 1339 2200 ductam
1352 2152 1451 2199 natura
1461 2152 1584 2200 monetat

119 2240 277 2317 Prudentis
289 2260 425 2316 recertntti
433 2258 653 2315 uDeooceurrtmt
668 2259 786 2313 uirtutes.
801 2255 907 2310 Natura
959 2232 988 2287 ¹¹¹
1003 2231 1132 2301 Speciem·
1148 2232 1240 2289 'ustus
1251 2233 1364 2289 h⁰m²¹¹5
1378 2235 1503 2305 ⁶⁰sP⁰¹i⁸
1514 2246 1612 2307 31111113

158 2345 192 2386 ea
213 2331 347 2385 elenoeutis
364 2331 452 2385 nolite
471 2346 565 2400 corpus
580 2330 689 2399 [ornent.
703 2328 828 2398 Corporis
847 2328 905 2398 [cr-
958 2322 1088 2391 Nateriae,
1099 2324 1179 2395 cujus
1191 2324 1310 2381 miratur
1324 2333 1395 2382 terra
1409 2326 1548 2396 decorem,

159 2402 227 2455 111111
239 2400 418 2472 indidisti&
487 2418 494 2437 “
957 2415 1065 2488 Parque
1076 2434 1156 2475 suurn
1172 2427 1263 2489 stupet
1274 2417 1302 2472 in
1318 2420 1398 2475 terris
1416 2420 1499 2476 decor
1512 2422 1570 2492 ipse
1580 2422 1722 2493 decorum.
1760 2452 1764 2459 ·

122 2513 250 2572 (lecurrtt
260 2513 394 2571 Phronesi
407 2514 538 2569 virtutum
554 2514 651 2582 turba,
663 2526 768 2584 suoque
893 2548 897 2557 »
957 2506 1060 2567 Omnes
1075 2510 1185 2567 divitias
1198 2498 1426 2568 iormaedillundit
1442 2512 1470 2567 iu
1485 2513 1532 2569 lllo

121 2604 226 2665 Pendet
239 2606 266 2662 iu
278 2605 417 2677 amplexu,
430 2605 530 2663 collum
544 2606 621 2678 ligat,
632 2605 725 2661 oscula
739 2603 850 2675 prebet.
956 2601 1068 2658 Naturae
1078 2603 1211 2676 praelarga
1223 2618 1334 2672 manus,
1348 2612 1411 2675 pust
1427 2602 1540 2662 munera
1554 2623 1658 2679 pauper

122 2698 241 2756 Felicem
256 2697 349 2753 laudat
363 2697 491 2764 reditum,
501 2712 563 2754 cum
576 2706 652 2769 gram
664 2695 752 2752 labori
956 2691 1029 2749 Pene
1039 2692 1090 2749 luit
1106 2703 1203 2751 natura
1217 2710 1335 2766 pareus,
1348 2711 1410 2768 quse
1422 2695 1494 2754 dona
1507 2697 1613 2757 decoris

123 2791 263 2848 Reddatur
275 2806 391 2856 merces,
407 2789 478 2847 leliei
492 2791 545 2847 bue
556 2790 679 2846 laborem
955 2782 1062 2840 Formae
1074 2785 1219 2842 thesauros
1232 2786 1308 2840 uultu
1319 2787 1431 2857 deponit
1443 2788 1471 2843 iu
1484 2804 1550 2846 uno.

122 2882 307 2954 concludens,
321 2898 371 2938 nec
381 2882 438 2951 jam
451 2884 525 2939 risus
541 2893 568 2939 et
582 2882 680 2954 gaudia
693 2881 792 2940 tendat
956 2875 1049 2948 Spirat
1064 2877 1091 2932 in
1105 2877 1157 2932 bac
1169 2875 1258 2934 lornta
1270 2876 1427 2946 Narcissus,
1444 2890 1471 2937 et
1485 2882 1670 2944 altertldonis

124 2973 205 3046 Spem
219 2976 301 3033 dutor
311 2974 461 3043 offendens,
474 2989 536 3029 eum
551 2989 596 3029 res
607 2983 714 3045 sperata
726 2974 852 3030 timorem
956 2965 1048 3038 Spirat
1061 2968 1088 3023 iu
1101 2969 1153 3024 itae
1165 2971 1265 3040 specie,
1275 2986 1337 3042 quae
1349 2972 1385 3028 sit
1396 2971 1490 3031 lenus
1501 2976 1525 3009 ⁸¹
1535 2976 1619 3033 altera
1631 2994 1740 3037 rursum

126 3067 259 3133 Sorbeat,
270 3076 296 3120 et
310 3066 391 3136 longo
401 3064 549 3120 succedant
562 3063 660 3135 gaudia
676 3072 748 3119 toto.
954 3059 1037 3131 390
1048 3059 1189 3129 Cerneret,
1206 3061 1233 3115 in
1248 3063 1358 3117 solitum
1371 3063 1530 3122 decurreret
1544 3068 1590 3123 illa
1607 3068 1739 3128 iurarem.

124 3156 197 3229 Ergo
209 3157 312 3213 sollerti
324 3154 414 3211 studio
427 3163 524 3210 natura
539 3155 654 3225 requirit
955 3149 1014 3208 iloc
1027 3151 1110 3207 simul
1123 3153 1150 3208 in
1163 3153 1271 3223 signum
1287 3153 1527 3227 speciei-donaque
1541 3156 1637 3217 iormae

123 3247 262 3303 llateriem
273 3259 418 3313 summam,
431 3245 465 3301 de
476 3259 530 3315 qua
541 3243 677 3316 praesigne
690 3243 787 3316 tignret
953 3242 1044 3310 Cedit,
1055 3244 1129 3314 quod
1141 3244 1215 3299 nulla
1226 3259 1326 3314 corpus
1337 3245 1502 3316 pinguedine
1523 3250 1622 3320 surgit,

121 3338 287 3409 Hospitium,
302 3338 447 3408 carnisque
457 3336 568 3393 domurn
580 3379 588 3404 ,
602 3352 684 3409 quam
698 3335 811 3407 spiritus
822 3336 904 3393 intret
955 3334 1009 3392 Sed
1023 3336 1150 3409 magistu
1165 3336 1281 3392 maciem
1297 3338 1383 3393 tendit
1397 3356 1405 3391 :
1420 3338 1461 3395 sic
1473 3339 1564 3394 omnia
1577 3339 1654 3410 juste

120 3427 257 3495 coelestis,
269 3428 410 3499 radietque
424 3441 474 3482 suo
490 3428 588 3485 domus
606 3427 713 3499 bospite
722 3427 814 3498 digna.
954 3424 1089 3494 Possidet,
1106 3427 1133 3482 in
1149 3427 1225 3483 nullo
1238 3428 1321 3505 decor
1333 3428 1393 3499 ejus
1404 3428 1549 3497 claudicat,
1565 3431 1621 3487 imo
1633 3448 1641 3486 t

120 3519 229 3590 Excipit
243 3526 342 3574 aterna
356 3518 489 3590 quidquid
503 3519 645 3588 purgatius
659 3519 729 3576 inse
916 3491 938 3550 c
953 3515 996 3572 Nil
1011 3518 1100 3588 majus
1115 3518 1240 3574 conterre
1255 3528 1344 3589 potest
1358 3530 1455 3576 natura
1470 3522 1513 3576 uel
1530 3522 1612 3578 ultra.

121 3611 207 3668 Terra
220 3619 303 3679 tenet,
316 3609 447 3680 quidquid
457 3610 519 3681 puri
529 3611 581 3666 sibi
593 3611 713 3667 uindicat
723 3613 831 3668 humor.
953 3606 1017 3664 liaee
1030 3609 1112 3680 igitur
1127 3611 1232 3681 species
1245 3619 1351 3667 tarnum
1365 3613 1509 3682 praetendit
1525 3615 1669 3685 bonorem,

121 3703 227 3772 Quidue
243 3701 330 3773 magis
342 3716 439 3772 purum
450 3716 536 3771 purus
546 3700 599 3757 sibi
609 3702 728 3758 destinat
739 3718 797 3769 aer,
953 3698 989 3755 Ut
1005 3715 1065 3756 sese
1082 3703 1169 3771 possit
1179 3713 1237 3759 tute
1249 3706 1421 3761 committere
1432 3706 1506 3763 laudi

121 3794 172 3852 Vel
184 3795 343 3851 delaecatum
357 3793 454 3848 retinet
469 3794 521 3850 sibi
533 3794 628 3864 purior
643 3794 723 3865 iguis.
952 3789 1075 3861 invidiae,
1087 3794 1250 3867 laudemque
1266 3812 1318 3853 etto
1329 3808 1467 3854 mercatur
1481 3799 1516 3855 ab
1527 3799 1615 3856 bustu.

122 3888 250 3945 lliridita
263 3896 328 3954 toto,
342 3887 484 3958 divisaque
496 3902 593 3943 rursus
608 3887 636 3942 in
649 3902 732 3943 unum
1259 3904 1374 3961 cqup
1393 3908 1425 3963 qq,

121 3980 423 4053 0011181111151111111111111
439 3979 903 4051 1011111181111ΜῘ111111111Η11111111111
953 3995 1101 4053 Concordia
1122 3995 1232 4066 suderat
1252 3997 1367 4051 uttimunt
1388 4001 1503 4068 corpori.
1524 4000 1694 4058 Aritimeticc
1710 4020 1738 4061 ts

122 4074 170 4130 Sic
181 4074 302 4144 praelibat
316 4088 395 4145 opus,
412 4073 524 4128 humani
538 4072 662 4143 eorporis
680 4081 755 4145 aptat
988 4067 1093 4150 Musica
1111 4077 1285 4136 cooperamur
1308 4069 1486 4138 coniunctioni
1514 4072 1609 4126 unimur
1634 4082 1659 4129 et
1678 4090 1738 4130 eor·

122 4165 274 4233 Haterium,
288 4166 400 4238 signans
411 4165 502 4236 operis
513 4165 610 4221 uexilla
626 4163 720 4223 iuturi.
986 4154 1070 4208 ''m‘'

121 4256 194 4328 Ergo
208 4257 347 4312 materiam
360 4256 478 4313 cholerae
488 4257 529 4313 ris
543 4257 621 4329 ignea
634 4260 727 4329 donat,
952 4255 1101 4327 Postquam
1114 4256 1257 4310 materiam
1272 4262 1377 4310 naturae
1389 4254 1483 4312 dextra
1494 4255 1598 4325 boarit,

121 4347 189 4417 Quae
200 4349 325 4419 quamuis
338 4348 424 4404 soleat
438 4357 522 4404 tutam
534 4351 644 4406 turbare
654 4352 771 4423 quietem
953 4348 1081 4403 vultibus
1095 4347 1224 4404 bumauis
1237 4345 1357 4401 animam
1371 4348 1519 4404 concordia
1537 4349 1614 4405 carni

120 4441 261 4511 Corporis,
277 4450 304 4497 et
316 4441 414 4495 bellurn
429 4441 572 4512 plusquam
584 4444 662 4499 civile
672 4461 795 4515 mouerc;
951 4439 1088 4505 Foederat,
1100 4448 1128 4494 et
1137 4439 1229 4495 stabili
1241 4440 1378 4495 connectit
1389 4439 1500 4496 dissona
1513 4456 1596 4508 nexu,

121 4529 173 4586 llic
188 4540 282 4600 pacata
297 4531 380 4601 jacet,
396 4531 485 4586 nullos
497 4540 605 4587 motura
617 4534 760 4591 tumultus.
952 4532 1085 4589 iunctura
1095 4532 1180 4599 tenui,
1192 4532 1320 4603 gumpbis
1334 4532 1482 4590 subtilibus
1492 4543 1578 4604 aptat,

121 4622 261 4678 Nateriam
275 4639 361 4694 purus
376 4623 494 4679 traducit
507 4623 541 4679 ab
554 4627 744 4696 aeresanguis,
951 4624 1110 4696 Composito
1121 4625 1248 4696 simplex,
1264 4624 1354 4682 bebeti
1372 4625 1482 4692 subtile,
1497 4627 1618 4699 ligatque

122 4715 177 4771 Nec
185 4716 242 4786 jam
256 4716 376 4771 luxuriat
388 4715 498 4786 proprio
514 4723 633 4772 torrente
645 4718 792 4788 superbns;
951 4711 1064 4771 Foedere
1074 4715 1247 4787 complacito,
1257 4716 1333 4772 carni
1343 4716 1434 4772 dirim
1446 4717 1564 4774 maritat.

122 4806 176 4862 Sed
188 4821 281 4877 pacem
296 4816 387 4864 serrat
400 4806 513 4878 reliquis
526 4806 689 4865 ltutnoribus
700 4808 800 4866 humor
910 4833 939 4895 Ι)
953 4803 1000 4862 Sic
1011 4807 1085 4862 noeti
1098 4807 1186 4863 lucem
1200 4805 1346 4874 contrectit,
1357 4814 1386 4863 et
1395 4807 1496 4865 aetbera
1509 4818 1609 4866 terrae:

121 4894 304 4968 Sanguineus,
318 4899 461 4970 nullasque
473 4910 564 4957 motet
578 4916 640 4956 cum
655 4900 785 4960 iratribus
799 4902 863 4961 iras.
953 4898 1001 4955 Sic
1014 4899 1121 4956 diversa
1136 4907 1229 4956 tenent
1241 4915 1347 4971 pacem,
1361 4901 1402 4958 sic
1415 4901 1526 4959 dissona
1536 4904 1612 4960 litem

120 4985 177 5043 lllis
193 4987 305 5044 interior
318 4989 388 5046 inlra
401 4992 521 5048 decurrit
535 5005 657 5062 aquosus
952 4991 1098 5063 Deponunt
1110 4994 1260 5065 propriam,
1275 5009 1325 5050 nec
1332 4993 1390 5065 jam
1405 5010 1471 5052 caro
1486 4996 1554 5052 bella
1566 4995 1698 5065 minatur,

119 5076 235 5144 flutuor,
246 5088 274 5135 et
288 5080 316 5134 itt
330 5081 440 5139 morbos
452 5084 509 5153 jam
524 5082 661 5139 declinare
671 5094 794 5153 reeusat;
952 5084 1066 5155 Spiritui
1077 5086 1186 5151 cedens,
1197 5086 1245 5142 sed
1257 5102 1311 5143 nou
1325 5086 1384 5143 sine
1394 5104 1536 5144 murmure
1547 5087 1643 5142 multo.

119 5165 252 5234 Quamuis
265 5185 401 5240 germane
413 5172 500 5229 soleat
514 5173 665 5243 putredinis
678 5188 739 5230 esse
951 5173 1008 5233 Nec
1016 5176 1073 5246 jam
1089 5191 1248 5248 corpoream
1260 5190 1362 5236 uestem
1376 5179 1481 5236 lasudit
1494 5180 1646 5236 abhorrens

118 5255 278 5327 Proximus,
297 5268 324 5316 et
337 5261 428 5317 sarias
439 5263 577 5334 languoris
588 5266 698 5336 gignere
712 5272 803 5336 pestes
950 5268 1079 5340 Spiritus,
1096 5269 1214 5340 bospitio
1227 5271 1274 5326 tali
1287 5270 1394 5327 letatur
1403 5279 1431 5327 et
1445 5270 1554 5336 umbra,

118 5344 171 5405 ilic
182 5347 234 5405 iau
247 5353 394 5406 humorum
409 5350 502 5409 iaeeem
514 5354 635 5426 deponit,
651 5364 679 5414 et
694 5371 790 5414 omues
950 5359 986 5417 llt
1003 5361 1101 5418 melius
1115 5362 1260 5419 concludat
1269 5377 1338 5434 opus
1349 5361 1507 5430 eoncordia,
1521 5362 1597 5432 uirgo

117 5436 257 5513 ingenitos
272 5457 364 5500 mores
378 5445 475 5502 melius
485 5461 588 5503 morata
602 5446 708 5504 recidit.
823 5437 827 5443 ’
949 5449 1015 5519 Quae
1030 5451 1111 5511 uobis
1123 5452 1232 5510 numeri
1245 5453 1397 5513 doctrinam
1416 5454 1542 5526 spondet,
1553 5461 1581 5510 et
1594 5451 1641 5512 itta

740 5561 856 5620 veblAE
875 5564 1077 5624 LECTlONES,
1120 5606 1123 5615 .

151 5643 247 5703 “tta
267 5645 428 5719 V.,cotttra.
466 5647 786 5725 'lile-thsuperarit.
824 5657 847 5690 ⁸¹
867 5655 918 5713 lis.
940 5656 984 5716 l'..
1004 5658 1124 5730 quamsi
1139 5658 1241 5718 teum.
