3992 6042
219 209 274 273 807
860 192 965 253 stant
984 190 1031 249 DE
1048 189 1185 248 tttstttts
1790 177 1848 238 5⁰8

219 333 296 391 Artis
309 330 495 405 grammatica
509 328 609 396 virtus,
624 336 735 396 natura,
749 333 882 400 potestas,
1022 314 1414 389 ADietioqucddebeturei,
1431 310 1732 372 sicredditutrumqae
1792 382 1799 399 .

220 421 307 493 Drdo,
322 423 463 490 materies,
476 437 551 494 pars,
573 420 647 485 bnis,
663 435 776 487 nornen,
789 427 817 475 et
831 426 938 477 auctor,
1060 410 1139 478 Quod
1150 418 1289 477 neutrum,
1305 406 1480 477 mediumque
1492 411 1589 459 teneus
1599 393 1736 453 mediatur
1746 397 1850 443 utrtur·

222 517 359 585 Dllieium,
372 515 488 587 species,
503 527 603 585 genus,
616 512 812 576 instrumenta,
826 508 953 565 facultas.
1674 560 1676 563 ¹
1731 479 1809 555 [litteo

223 608 282 665 lllic
292 607 439 679 imperium
452 605 534 660 datur
548 603 612 670 arti,
628 602 721 672 regula
736 609 845 672 regnat,
1060 581 1349 664 Ctt'r'r'ehqtia'e'pa'rtes
1362 577 1431 645 tstas
1441 593 1606 642 venerentur
1618 589 1646 637 et
1657 577 1719 636 istis

223 699 358 755 Exsilium
373 697 477 768 patitur
491 695 601 761 rislum,
619 696 784 765 veniamque
794 692 895 749 mereri
1063 688 1130 743 Sese
1143 684 1316 750 submittant,
1333 697 1385 737 nec
1402 681 1444 736 eis
1456 677 1559 735 seruire
1566 680 1706 729 recursem.

223 788 326 854 Nescit,
344 788 530 859 grammaticae
545 787 651 858 patiens
666 785 725 841 sine
736 784 789 839 line
803 781 940 853 repulsam
1061 776 1124 833 llaec
1137 776 1205 832 artis
1220 775 1306 832 series
1326 772 1449 829 seriatim
1459 769 1531 839 picta
1546 764 1672 837 propinat

224 877 379 935 Defendens
390 894 450 935 sese
465 880 576 950 propria
592 878 700 932 ratione
714 875 801 946 ligura
1061 868 1179 925 Delicias
1194 866 1291 933 oculis,
1306 873 1334 920 et
1344 862 1430 920 menti
1443 859 1550 917 lercula
1564 857 1659 913 donat.

116 1036 121 1049 ι
224 969 349 1025 Excubat
359 978 421 1027 ante
435 968 509 1026 iores
523 968 603 1035 artis,
617 967 780 1037 ueniamque
792 971 918 1035 precatur
932 978 940 1017 ε
1060 963 1131 1021 Nam
1145 963 1235 1035 pictor
1244 959 1399 1033 predoctus
1410 970 1470 1011 eam
1482 950 1676 1021 descripserat,
1689 946 1746 1004 iruo

224 1059 279 1115 Ars
289 1059 408 1117 admittit
420 1075 491 1129 eam,
507 1061 614 1117 retriatu
626 1058 723 1130 largita
739 1054 872 1129 precanti,
1063 1053 1130 1112 Plus
1144 1053 1250 1125 pictore
1262 1059 1357 1121 potens
1370 1047 1534 1118 picturaque
1550 1038 1674 1097 clamitat
1687 1037 1772 1093 illurn.

225 1148 282 1206 liec
293 1149 365 1206 locet
375 1150 403 1207 in
419 1149 533 1223 gremio,
547 1149 595 1206 sed
610 1156 716 1205 tantum
730 1147 847 1204 sustinet
860 1144 947 1200 illam.

226 1239 277 1296 llic
290 1241 370 1298 docet
382 1258 438 1308 ars,
452 1250 587 1297 monstrat
602 1241 684 1307 ratio,
699 1239 822 1296 doctrina
839 1237 949 1304 latetur,
1356 1195 1471 1255 CAPUT
1483 1192 1551 1250 vm·

226 1329 329 1387 Lmen
340 1346 390 1387 (Ἦ
407 1329 534 1400 ⁸5¹¹¹D¹0¹2
549 1345 599 1385 ⁰¹¹?
612 1328 728 1384 indlllffl
743 1336 866 1395 V⁰0211¹ls
1065 1323 1249 1385 Grammatico
1270 1316 1361 1374 rudem
1374 1312 1514 1369 materiam
1528 1309 1640 1378 adoptet
1655 1303 1737 1372 operi.
1751 1297 1850 1354 Grem-

226 1420 283 1477 Cur
297 1421 350 1477 sibi
366 1421 503 1477 mendicet
517 1419 643 1476 elementi
657 1419 747 1474 littera
758 1432 872 1485 nomen,
1099 1396 1204 1450 mutire
1214 1398 1344 1474 auctores.
1354 1374 1673 1465 Dunotusmlristarclms.
1682 1371 1849 1427 Priscianus.

227 1512 277 1569 Vel
294 1515 401 1584 tropice
414 1513 505 1569 soleat
520 1513 685 1569 elementum
699 1511 788 1566 littera
802 1508 857 1566 dici
871 1526 879 1577 ;
1100 1465 1274 1522 mmmmm
1288 1456 1345 1513 ⁸⁰¹⁰
1360 1463 1456 1509 ⁶⁰s⁸¹⁶⁶
1468 1449 1592 1522 ΝΜ

226 1605 295 1673 Duae
306 1605 420 1675 pingant
430 1605 563 1660 elementa
575 1612 656 1671 nota,
669 1617 731 1674 quae
752 1601 864 1657 nomina
892 1599 1013 1671 signent,
1067 1601 1235 1674 Aggreniens
1245 1594 1387 1668 proprium
1401 1590 1480 1659 virgo
1495 1583 1610 1658 praelata
1625 1581 1759 1644 laborem,

227 1695 571 1764 Qniselandatnumerus,
590 1695 655 1768 quis
675 1700 811 1767 congruat
832 1692 911 1761 ordo,
939 1701 1018 1763 pete·
1068 1692 1128 1750 Non
1142 1691 1235 1747 oneris
1245 1700 1383 1743 concussa
1401 1689 1491 1746 metu,
1506 1692 1561 1734 non
1578 1675 1663 1731 lracta
1675 1673 1779 1736 labore,

913 1782 983 1855 [stas
1066 1783 1108 1839 sd
1121 1779 1262 1852 proprium
1278 1774 1394 1833 desudat
1408 1785 1491 1842 opus,
1503 1769 1676 1836 multumque
1689 1763 1800 1819 rebeliis

227 1875 308 1950 343
320 1875 387 1944 Quae
410 1874 456 1943 sit,
472 1881 501 1931 ct
528 1874 580 1931 has
611 1872 718 1945 species
738 1881 815 1929 certo
837 1870 889 1928 sub
912 1884 1019 1926 canone
1067 1872 1195 1928 blateries
1205 1867 1313 1925 tandem
1323 1863 1447 1935 sequitur
1461 1854 1589 1931 superata
1599 1857 1745 1912 volentem.

616 1960 619 1965 ’
845 1963 958 2037 [claudit
974 1979 982 2017 ε
1066 1962 1150 2039 344
1165 1960 1233 2017 llam
1247 1957 1375 2032 predicta
1384 1956 1480 2028 iacent
1492 1951 1526 2009 ad
1541 1959 1658 2021 tempus,
1673 1954 1702 2003 et
1722 1944 1782 2001 otia
1793 1956 1855 1998 ser·

227 2061 283 2118 Cur
299 2060 375 2117 tenui
388 2060 493 2132 dejecta
508 2074 577 2117 sono
591 2058 737 2130 poscentia
752 2071 860 2120 rocem,
1740 2036 1825 2110 [llut

227 2153 332 2210 Caetera
347 2162 513 2221 mutescunt,
526 2168 621 2209 rerum
640 2151 744 2208 vocalis
757 2158 850 2221 aperte
1068 2150 1262 2214 instrumenta,
1278 2143 1381 2216 quibus
1393 2139 1512 2212 pueriles
1525 2135 1628 2193 excolit
1641 2145 1741 2199 annos,

226 2244 363 2312 clamitet,
375 2256 402 2301 et
411 2245 525 2316 reliquis
536 2243 612 2299 vocis
623 2242 773 2314 spiramina
790 2243 872 2298 donet
884 2256 892 2307 ;
1068 2242 1103 2297 Et
1115 2240 1228 2297 mentita
1241 2236 1351 2293 labrum
1367 2231 1513 2289 labrilibus
1526 2229 1615 2283 utitur
1626 2223 1724 2291 armis,

228 2331 289 2400 Qua
306 2332 423 2401 ratione,
435 2332 537 2404 quibus
550 2322 656 2395 causti,
669 2331 698 2399 lt,
712 2329 802 2384 littera
816 2326 929 2390 nonsit,
1068 2332 1187 2389 staterio
1200 2329 1305 2385 fluxum
1319 2330 1441 2395 superat,
1454 2321 1582 2391 cogitque
1597 2321 1739 2386 negantem

227 2423 298 2479 ⁰⁰⁰¹
310 2423 364 2478 ilbi
378 2421 529 2493 Dimmidi
542 2420 719 2491 ⁸0¹¹D¹¹¹l²¹¹¹2
742 2432 854 2484 nomen,
872 2424 901 2470 θῑ
915 2428 995 2472 usum
1009 2430 1017 2481 3
1068 2422 1210 2479 Materiam
1225 2418 1329 2475 servire
1342 2415 1405 2481 sibi,
1418 2412 1543 2484 lignique
1554 2409 1672 2479 rigorem

230 2512 285 2570 Stil
299 2512 360 2568 tisri
377 2513 438 2568 ¹⁰⁰³
449 2511 599 2583 D⁰S⁸ltiedh
614 2510 727 2580 ⁸⁰l³tl¹¹0
740 2509 827 2579 ssttm
1068 2513 1194 2579 Edomat,
1206 2518 1233 2565 et
1242 2510 1347 2578 lignum
1361 2502 1480 2560 temonis
1494 2497 1613 2570 imagine
1626 2495 1717 2551 restit.

228 2604 279 2662 lus
297 2605 349 2660 sibi
361 2602 510 2661 delendens
524 2601 653 2657 clementi
668 2600 799 2671 praelerat
817 2599 964 2655 umbram:
1068 2602 1121 2659 llic
1131 2610 1192 2657 ortu
1211 2598 1353 2668 sculptura
1366 2609 1448 2660 noro,
1464 2592 1576 2661 vitaque
1586 2585 1689 2642 receuti

229 2697 353 2765 Qualiter
364 2695 392 2750 in
408 2703 496 2750 metro
507 2707 603 2750 secum
622 2691 712 2747 rixata
726 2677 861 2760 liques'eat
1069 2688 1263 2750 Grammaticus
1274 2685 1347 2741 locat
1358 2683 1490 2748 artillces,
1504 2687 1530 2735 et
1543 2677 1643 2734 cudere
1657 2674 1755 2743 cogita

229 2787 351 2855 vocalis,
367 2785 500 2856 vocisque
512 2799 594 2840 suum
608 2780 740 2870 deperdat
754 2781 897 2836 bonorem.
1067 2782 1127 2837 illic
1142 2778 1267 2837 Donatus
1280 2777 1375 2832 rhetor
1388 2774 1421 2840 ¹⁷,
1437 2779 1581 2843 patrunus,
1595 2774 1623 2823 et
1634 2766 1741 2831 hares,

229 2880 354 2947 Qualiter
368 2877 396 2933 i¹¹
408 2885 498 2932 metm
509 2864 621 2929 ”tiliis
634 2873 724 2928 lilim
735 2872 810 2927 virts
1069 2870 1261 2929 Grammatieae
1272 2874 1406 2942 praecepta
1420 2862 1532 2926 docens,
1553 2858 1705 2926 vitiumque
1721 2851 1856 2921 recidens,

229 2970 333 3036 l‘erdit,
344 2979 371 3025 et
382 2968 416 3025 ad
432 2979 541 3039 tempus
554 2968 666 3038 languet
678 2964 836 3036 prescripta
850 2973 980 3036 potestas.
1031 2973 1053 3033 c
1070 2966 1209 3027 Doctrina,
1224 2960 1325 3025 rerbis,
1341 2954 1444 3023 sinidio,
1458 2953 1574 3018 ratione,
1590 2951 1696 3021 figura,

230 3062 354 3130 Qualiter
368 3061 396 3116 in
414 3067 501 3116 metro
512 3061 585 3116 vires
598 3068 625 3115 et
636 3058 701 3129 jura
715 3059 832 3115 duarum
1070 3057 1199 3128 Ampliat,
1211 3051 1328 3119 extollit,
1343 3049 1422 3115 ditat,
1438 3042 1717 3110 delendiqbouestat

230 3153 358 3210 Vindicat
372 3168 426 3208 una
440 3152 504 3222 sibi,
516 3151 677 3208 redimendo
687 3136 790 3208 damna
801 3165 940 3207 sororum.
1071 3143 1297 3207 Grammaticam,
1314 3149 1470 3206 nomenque
1483 3131 1536 3190 sibi
1548 3129 1666 3201 speciale
1681 3134 1812 3188 meretur,

232 3244 376 3314 Quomodo
391 3242 515 3300 dirersas
527 3243 632 3314 species
646 3258 699 3298 rex
715 3242 804 3298 induit
814 3257 879 3309 una,
1071 3235 1107 3294 tta
1119 3251 1174 3290 nnn
1188 3230 1384 3306 grammaticus
1400 3227 1508 3283 dicatur
1518 3231 1569 3280 :at
1581 3218 1720 3292 emphasis
1734 3218 1821 3287 ipsam

231 3335 320 3405 Quam
336 3335 427 3408 grauis
441 3341 571 3390 accentus
588 3331 661 3389 inira
673 3331 804 3400 demittit,
817 3341 915 3388 acutus
1072 3325 1287 3384 Grammaticarn
1301 3325 1383 3376 uocat
1400 3317 1488 3384 hunc,
1498 3314 1609 3384 signans
1619 3310 1672 3366 sub
1685 3307 1796 3364 nomine
1806 3321 1860 3363 nu·

231 3427 330 3499 Erigit,
345 3428 484 3499 ingyrum
503 3424 558 3480 lert
569 3422 763 3480 circumflexus
779 3405 927 3478 eamdem(
1480 3482 1482 3487 ¹
1736 3397 1822 3470 imm·

231 3518 338 3588 Quidue
351 3518 403 3573 sibi
419 3515 562 3588 proprium
574 3513 697 3569 delendis
709 3514 810 3581 littera,
822 3512 923 3583 quidve
1071 3510 1171 3568 lloster
1183 3504 1360 3563 Aristarchus
1371 3496 1487 3556 emaus
1499 3492 1628 3551 lunditsin
1642 3498 1729 3546 artem

234 3609 356 3682 Syllaba,
371 3606 438 3676 quid
453 3603 558 3675 proprii
567 3603 640 3673 juris
655 3602 708 3658 sibi
723 3602 807 3659 dictio
821 3612 923 3669 servat,
1072 3598 1300 3664 Grammaticam,
1311 3593 1392 3664 cnjus
1406 3591 1554 3646 thesauros
1567 3583 1689 3655 ampliat,
1701 3586 1788 3652 auget

233 3699 305 3769 Quid
325 3696 435 3770 proprie
449 3694 591 3768 proprium
612 3707 712 3750 nomen
741 3692 795 3750 sibi
813 3693 950 3761 uindicat,
975 3704 1024 3752 aut
1073 3692 1198 3758 Divitias,
1210 3691 1414 3759 viresquesuas
1427 3686 1571 3736 mensurat
1583 3677 1611 3731 iu
1625 3675 1691 3730 ills..

911 3785 988 3860 [qnid
1072 3782 1168 3840 Partes
1181 3775 1368 3853 grammatica
1382 3772 1502 3828 dissutas
1514 3764 1726 3838 cogitinuuum

233 3877 527 3952 appropriationum
539 3875 604 3943 sibi,
621 3876 688 3947 quid
701 3892 855 3948 pronomen
872 3878 996 3949 adoptat,
1073 3874 1228 3939 illudimus,
1240 3878 1269 3926 et
1281 3866 1399 3940 propriis
1413 3860 1546 3919 describit
1557 3856 1665 3929 singula
1680 3850 1789 3909 formis.

234 3968 306 4037 oute
323 3968 436 4039 reliquae
450 3975 542 4041 partes
556 3968 667 4039 proprio
682 3968 734 4024 sibi
747 3969 812 4039 jure
828 3979 980 4025 reservant.
1073 3962 1263 4025 Grammatieae
1272 3968 1377 4016 nacms
1388 3961 1538 4027 pertractat
1551 3953 1674 4021 apostata
1684 3952 1798 4009 noser»,

234 4059 307 4128 oute
324 4074 424 4115 nomeu
441 4057 553 4129 proprie
565 4056 702 4129 designat,
713 4058 780 4129 quld
797 4059 942 4129 peregrine
1073 4058 1182 4129 Pigrius
1193 4056 1220 4109 in
1234 4052 1316 4109 dictis
1329 4048 1449 4119 torporis
1464 4043 1571 4102 somnia
1590 4053 1700 4112 passus,

234 4149 369 4217 insinuat,
383 4149 450 4221 qnid
467 4148 550 4204 rerba
565 4156 675 4214 trotant,
688 4149 855 4220 pronomina
866 4150 986 4220 signant,
1074 4153 1103 4209 ln
1117 4149 1228 4222 scriptis
1237 4161 1333 4204 erraris
1346 4143 1467 4216 propriis
1478 4148 1527 4196 aut
1539 4137 1634 4194 ebrius
1647 4148 1731 4202 esse,

234 4242 304 4298 Cum
319 4241 443 4313 subjecta
458 4249 563 4308 notent,
577 4254 627 4295 cur
637 4240 679 4296 sic
697 4239 862 4310 pronomina
876 4238 972 4299 lorrnae
1075 4240 1225 4310 dutmagis
1237 4237 1362 4301 insanus,
1374 4242 1422 4288 aut
1436 4229 1585 4284 decollare
1599 4234 1731 4296 putatur..

235 4331 425 4403 Dedignentur
438 4344 530 4401 opem,
543 4328 616 4401 quod
627 4330 827 4386 demonstratio
839 4329 897 4386 sola
1040 4300 1062 4355 ὓ
1075 4330 1220 4387 claudicat
1231 4326 1277 4381 ille
1290 4323 1354 4389 lide,
1367 4336 1401 4377 ne
1416 4318 1490 4374 lama
1501 4315 1638 4373 claudicet
1654 4310 1722 4380 ejus.

236 4418 384 4476 Subreniat
398 4417 550 4490 iorrnaeqnc
561 4420 649 4475 ricem
667 4429 827 4491 compenset
842 4422 869 4475 tn
883 4421 949 4478 illis
1075 4421 1231 4486 Tractatus,
1247 4416 1392 4484 venditque
1407 4411 1499 4475 tidem,
1518 4422 1554 4462 ne
1567 4401 1679 4476 praemia
1689 4398 1753 4455 libri

235 4509 296 4577 Dua
309 4510 415 4566 ratione
426 4521 504 4582 regat
516 4525 582 4581 pars
596 4520 713 4581 partem,
729 4526 817 4583 quare
828 4522 950 4585 regatur.
1074 4514 1237 4584 Depereant,
1251 4516 1383 4578 erratque
1398 4503 1466 4560 ides
1481 4514 1518 4556 ne
1530 4510 1626 4554 rumor
1638 4495 1755 4551 aberret.

235 4601 293 4657 llur
306 4615 405 4657 nomen
421 4603 551 4659 substans
562 4603 636 4670 aliis,
649 4603 692 4659 uei
709 4612 807 4659 caetera
823 4603 938 4676 pingens
1076 4603 1156 4659 Solos
1175 4600 1295 4657 artillces
1308 4610 1380 4668 iquos
1392 4592 1466 4649 iatna
1477 4590 1569 4647 bearit
1581 4586 1674 4642 adulta

236 4695 356 4752 llatoriae
368 4705 444 4769 gerat
457 4698 590 4765 odicium,
603 4697 755 4756 formamve
771 4699 879 4771 ligaret,
1075 4696 1178 4763 Laude,
1193 4709 1245 4751 ncc
1257 4708 1273 4748 a
1284 4691 1357 4747 lama
1370 4685 1499 4746 discessit
1513 4683 1600 4756 gloria
1617 4679 1691 4745 laeti,

237 4778 320 4838 Verbi
334 4796 385 4837 cur
395 4784 489 4840 redeat
501 4785 528 4839 iu
540 4800 570 4840 se
584 4786 626 4842 rel
644 4796 768 4843 trauseat
780 4797 869 4843 actus.
1075 4789 1139 4845 ilmc
1157 4788 1297 4857 sculptura
1315 4790 1401 4850 tenet,
1415 4780 1531 4834 minime
1548 4775 1660 4847 dignata
1672 4769 1751 4828 lateri

236 4871 339 4931 renus
349 4875 477 4959 amicitiae
488 4878 639 4935 currerbis
651 4880 763 4935 nomina
774 4887 897 4947 servent,
1075 4878 1276 4937 Grammaticos
1292 4873 1421 4938 humiles,
1433 4870 1481 4942 qui
1494 4869 1556 4925 seio
1571 4866 1674 4923 cortice
1687 4861 1826 4933 gaudeus:

236 4959 272 5019 Et
283 4963 364 5019 verbo
374 4964 501 5034 iunctum
517 4966 606 5022 solvat
621 4983 671 5024 sua
686 4952 778 5026 debita
793 4984 904 5035 nomen,
1075 4974 1151 5041 Quos
1167 4984 1222 5025 non
1234 4966 1353 5023 admittit
1365 4966 1441 5020 intus
1454 4959 1592 5032 pinguedo
1608 4955 1744 5017 metuite.

236 5050 305 5121 Duae
317 5053 371 5111 nisi
382 5057 539 5125 conveniat,
554 5059 643 5114 oratio
658 5069 734 5116 muta
752 5061 852 5118 tacebit
864 5061 897 5127 ¹⁶,
1076 5063 1129 5119 Sed
1140 5060 1209 5117 loris
1222 5062 1376 5127 exposcunt
1388 5053 1551 5124 lragmenta,
1564 5046 1704 5121 putamine
1714 5042 1774 5100 solo

237 5141 294 5233 Nec
305 5145 399 5215 plenos
415 5163 514 5206 sensus
529 5163 583 5204 tox
595 5151 736 5206 decurtata
751 5151 888 5221 loquetur.
1075 5151 1204 5210 corruenti
1217 5148 1308 5206 nuclei
1323 5152 1464 5217 nequeunt
1477 5151 1588 5214 gustare
1599 5138 1621 5172 ¹⁸
1634 5148 1771 5209 saporem·
1785 5137 1791 5148 ⁴

237 5233 295 5290 liur
307 5246 411 5307 partem
422 5239 534 5310 capiens
544 5241 580 5296 ab
595 5250 712 5298 utrooue
726 5243 857 5298 renendat
870 5243 979 5315 utrique

879 5374 998 5434 vtlttAE
1017 5368 1217 5434 mentones.

278 5482 302 5517 ⁸⁸
316 5482 368 5541 ils.
384 5484 430 5549 A..
441 5488 565 5546 tabescit.
603 5489 624 5523 ¹²
636 5487 745 5547 liemon.
784 5489 805 5522 ¹⁸
819 5489 927 5547 libare.
