3992 6042
136 213 190 271 lbi

142 329 271 385 Piuctuat
283 327 310 382 in
324 326 427 393 dubiis,
440 328 495 384 alta
509 342 572 383 cunr
589 341 656 383 roee
672 327 788 384 fluentes

139 417 316 489 Suspendens
326 418 445 484 animos,
457 426 484 473 et
499 434 644 474 murmura
655 421 713 476 sola
729 435 889 489 pererrans:

136 510 217 582 332
230 509 353 575 Qualiter
367 525 433 564 aura
446 509 548 577 lremit,
563 509 623 566 lluit
634 527 691 576 aer,
709 511 824 569 lluctuat
840 513 925 580 unda,

137 603 224 668 Quane
240 602 329 672 primo
341 602 475 673 zephyrus
493 617 556 657 cnm
571 603 665 673 planat
680 604 790 662 llanriue
805 605 871 671 leni,

139 691 168 748 Si
181 691 266 747 maris
281 691 403 747 excutiat
415 692 535 748 borealis
550 693 632 748 turbo
647 709 788 763 soporem,

137 784 185 840 llel
200 784 285 840 maris
296 784 431 840 instantes
448 795 529 857 cogat
544 786 657 857 vigilare
671 789 822 859 procellas:

137 875 184 932 Sic
197 876 282 932 animi
297 876 415 944 lluitant,
432 887 460 932 et
473 887 579 935 mentes
595 880 733 937 mentibus
749 882 862 951 instant,

135 967 212 1036 Quas
221 966 326 1024 Natura
339 970 416 1039 prius
429 969 484 1024 leni
498 970 661 1040 perflaverat
671 987 749 1040 aura,

135 1057 236 1116 Perllat
251 1059 351 1131 maiori
370 1059 435 1114 llam
451 1058 600 1118 Prudentia
619 1074 725 1119 mentes
742 1082 749 1118 ε

135 1152 257 1224 Erigitur
272 1152 362 1219 ilatio,
373 1154 519 1225 poscitque
531 1156 641 1212 silentia
658 1169 738 1223 nutu,

135 1243 220 1312 Voce,
232 1261 327 1312 marin,
348 1246 431 1314 lacie;
450 1248 527 1318 pacis
544 1248 693 1319 tranquilia
713 1258 837 1304 rueretur

136 1337 245 1405 Voltus,
260 1340 331 1394 etad
344 1348 441 1395 nutum
456 1341 601 1397 morientia
614 1356 757 1417 murmura
774 1350 875 1397 nutant

135 1426 258 1498 Virginis
275 1430 301 1484 in
314 1430 400 1498 lacie3
416 1430 564 1488 Prudentia
582 1432 700 1503 plurima
714 1433 790 1489 rultu

133 1518 226 1587 Paret,
243 1530 270 1576 et
280 1522 403 1591 expressi
420 1524 546 1593 sequitur
561 1524 674 1596 vestigia
690 1526 793 1582 vultos.

134 1609 261 1681 Suntque
271 1611 391 1666 relative
403 1611 487 1669 iacies
503 1633 509 1669 :
523 1614 593 1684 gerit
607 1615 693 1670 altera
707 1613 825 1670 lorrnarn

132 1701 267 1767 Alterius,
279 1718 393 1774 seseque
406 1704 458 1759 sibi
472 1703 668 1761 conformatio
686 1707 743 1761 illa.

132 1791 197 1849 Una
209 1794 260 1850 sibi
273 1794 357 1851 iacies
371 1794 468 1851 iaciens
485 1808 632 1867 praesentat
648 1809 794 1869 utramque
813 1817 820 1853 :

132 1882 235 1941 Vultus
248 1886 362 1951 diecesi,
378 1886 463 1944 iacies
479 1887 589 1943 diversa
601 1888 738 1955 duarum;

129 1976 194 2033 Non
206 1979 321 2035 adversa
335 1990 438 2046 tarnon,
455 1982 551 2051 quales
569 1981 646 2036 decet
661 1997 723 2036 esse
734 1997 873 2037 sororum.

129 2069 190 2125 Par
208 2069 303 2139 lacios,
318 2072 484 2142 habitusque
499 2087 591 2142 pares,
608 2087 659 2141 par
677 2083 770 2143 gestus
782 2074 809 2128 io
827 2073 892 2135 illis,

128 2162 190 2217 Par
203 2161 396 2233 ntodusatque
416 2163 510 2227 decor,
532 2163 579 2219 sed
595 2163 689 2232 dispar
711 2164 803 2219 vultus
827 2164 855 2219 in
876 2179 926 2218 an·

823 2254 891 2328 [lrls,

127 2346 204 2402 Nam
220 2348 312 2417 porior
325 2348 348 2380 ⁸⁷
364 2346 455 2415 Ratio,
471 2349 540 2403 senii
556 2349 654 2405 rerilla
672 2348 792 2419 gerebat,

128 2436 247 2493 Plenior
262 2446 352 2502 aetate,
369 2438 455 2508 plenis
471 2439 606 2493 maturior
620 2440 712 2495 anuis.

130 2528 236 2584 Dextra
250 2544 349 2583 manus
362 2528 467 2598 speculi
483 2529 598 2599 triplicis
609 2529 748 2585 llanrmata
762 2530 850 2586 nitore

131 2620 277 2690 Splendet,
302 2628 330 2675 ct
354 2620 381 2674 in
405 2620 507 2690 triplici
526 2622 638 2691 speculo
660 2622 795 2693 triplicata
814 2622 929 2679 resultat

132 2710 230 2767 Vitrea
242 2710 382 2775 mollities,
397 2727 458 2782 quae
472 2720 561 2769 tactus
574 2713 684 2768 abdicat
696 2729 807 2769 ornnem

131 2801 282 2867 lnsultum,
296 2801 431 2874 digitique
445 2803 517 2860 leves
529 2805 573 2858 rix
590 2804 709 2861 sustinet
721 2805 799 2862 ictus.

133 2895 226 2952 llnius
239 2897 343 2966 speculi
359 2912 419 2953 sese
431 2897 557 2954 coneedit
570 2899 598 2952 in
614 2914 707 2962 nsum,

133 2985 247 3042 Attente
259 2984 340 3041 Ratio
352 2987 463 3057 speculo
474 2987 635 3058 speculatur
647 2988 674 3043 in
688 2988 741 3043 isto

134 3077 289 3135 Causarum
303 3080 415 3145 seriem,
431 3094 524 3134 rerum
537 3086 675 3135 serutatur
687 3078 830 3151 abyssunt,

136 3168 260 3240 Subiecti
274 3169 424 3240 lermaequc
437 3169 510 3225 ridet
521 3171 674 3238 connubia,
690 3171 779 3226 cernit

136 3259 250 3328 Oscula,
268 3277 329 3332 quae
342 3261 438 3317 miscet
449 3259 601 3327 concretio,
614 3277 710 3332 quare
726 3261 857 3332 propinat

139 3351 211 3409 Unio
224 3353 316 3408 natira
326 3353 361 3419 ⁸⁸,
376 3352 471 3408 lormis
484 3352 608 3424 subjecta
624 3354 770 3417 maritans,

138 3446 262 3516 Subjectl
277 3461 339 3517 qne
354 3445 444 3500 lorma
456 3445 532 3513 lacit,
549 3461 611 3516 quae
628 3444 734 3515 perficit
747 3461 820 3511 esse,

138 3538 206 3606 Quae
218 3554 275 3595 rem
288 3538 429 3605 conducit,
448 3539 491 3595 vel
507 3554 569 3609 quac
592 3538 717 3608 perducit
735 3539 864 3593 adesse:

142 3633 210 3699 Quae
242 3638 365 3703 generat,
394 3645 455 3700 quae
475 3638 577 3698 ,mutat
603 3643 676 3695 earn,
697 3644 758 3699 quse
786 3639 876 3684 serrat
903 3627 933 3682 in

811 3719 894 3793 lesse,

139 3811 211 3880 Quid
227 3813 273 3881 sit,
287 3814 331 3869 rel
350 3821 466 3886 quanta,
480 3812 581 3884 qualis,
597 3812 637 3868 rel
653 3810 793 3881 quomodo
806 3825 867 3865 sese

139 3902 194 3960 Res
211 3905 319 3969 habeat,
332 3906 508 3976 reliquosque
524 3912 612 3962 status
629 3903 765 3974 perquirit
777 3902 805 3957 iu
820 3903 877 3957 illa.

139 3995 252 4064 Argenti
266 3993 349 4051 iacies
363 3994 443 4051 laeees
458 4004 539 4050 exuta
556 3995 671 4061 metalli,

140 4080 212 4137 lnlra
227 4097 257 4137 se
275 4084 418 4154 splendore
430 4084 502 4140 diem
517 4085 665 4155 stellasque
683 4084 850 4155 relinquens,

140 4173 275 4246 Exsultat,
287 4178 389 4249 speculi
403 4178 520 4235 sormam
534 4180 630 4235 vestita
646 4181 769 4236 secundi.

140 4273 190 4332 llic
209 4276 331 4346 subjecta
346 4276 419 4332 ridet
431 4275 527 4332 lor-nris
544 4276 653 4330 ridnata
668 4275 765 4329 reverti

703 212 1025 274 mrtctaubtatttts.
1041 249 1078 259 -
1097 216 1162 272 ΗΒ.
1182 215 1214 273 ΙΙ.

1714 223 1766 284 lib

944 329 1022 392 aad
1048 328 1133 385 chaos
1151 318 1306 399 antiquum,
1327 330 1524 403 propriamque
1545 332 1685 403 requirere
1706 351 1766 391 ma-

1633 435 1700 484 irem

977 514 1062 585 loque
1075 523 1147 569 statu
1161 514 1272 584 proprio
1282 529 1379 583 puram
1391 516 1567 585 juvenescere
1586 424 1714 587 lorlmam:

977 602 1033 658 Nec
1045 618 1095 658 sua
1106 603 1248 672 degeneris
1259 604 1375 674 subjecti
1390 607 1467 661 taedia
1480 607 1554 672 llere,

977 695 1121 762 Quomodo
1135 695 1224 749 lorrna
1242 710 1294 750 suo
1309 696 1430 766 gaudens
1446 699 1593 769 requiescit
1611 699 1638 754 in
1654 715 1731 769 esse,

977 783 1033 840 Nec
1052 785 1143 841 varios
1159 784 1258 841 ductus
1273 786 1388 857 subiecti
1400 788 1531 859 naufraga
1549 790 1642 858 sentit,

978 875 1101 943 Qualiter
1113 877 1148 932 ad
1162 879 1301 948 proprium
1316 880 1459 949 peregrina
1473 883 1617 938 revertitur
1628 891 1731 954 ortun,

979 967 1100 1038 Subiecti
1113 967 1183 1038 lugit
1197 983 1313 1024 occasus
1327 977 1354 1022 et
1368 968 1463 1024 lunera
1478 971 1556 1026 ritar.

979 1059 1098 1130 Subjecti
1119 1060 1196 1116 senio
1205 1076 1260 1115 non
1273 1060 1403 1116 dellorara
1415 1062 1556 1129 juventus,

977 1151 1141 1207 Formarum
1154 1151 1257 1207 formas
1270 1166 1379 1222 semper
1393 1152 1459 1208 lacit
1473 1169 1535 1208 esse
1547 1153 1661 1223 puellas.

978 1240 1074 1297 Cernit
1086 1241 1220 1298 inotl'enso
1233 1243 1320 1309 vultu,
1334 1244 1489 1315 mentisque
1500 1243 1645 1314 prolundo,

978 1333 1059 1406 333
1067 1332 1210 1402 Quomodo
1224 1335 1407 1406 compositum
1422 1335 1549 1406 simplex,
1558 1336 1671 1392 coelestc
1683 1337 1769 1393 cadu-

1646 1424 1732 1499 [eum.

979 1513 1123 1573 bircrsum
1139 1518 1168 1573 lit
1182 1518 1266 1589 idem,
1289 1521 1432 1591 gravidum
1450 1522 1519 1589 lere,
1535 1520 1636 1576 mobile
1650 1530 1767 1585 certum,

980 1604 1135 1664 Obscurum
1150 1613 1256 1678 locens,
1272 1613 1425 1681 pretiosum
1441 1614 1503 1679 vile,
1517 1613 1645 1682 jocosum

980 1697 1092 1768 Flebile,
1110 1712 1270 1771 perpetuum
1288 1705 1412 1771 mortale,
1427 1705 1547 1761 volubile
1561 1705 1655 1761 lixum.

979 1788 1046 1844 huri
1061 1791 1201 1858 nobilitas,
1216 1809 1286 1850 auro
1301 1794 1440 1852 decoctior
1458 1797 1543 1862 omui,

980 1880 1087 1952 Vixque
1101 1900 1181 1940 suum
1195 1886 1305 1956 dignata
1321 1903 1407 1956 genus
1419 1889 1593 1958 speciemque
1608 1888 1700 1959 lateri,

979 1973 1008 2030 ln
1025 1979 1127 2044 speculi
1143 1981 1243 2034 transit
1257 1981 1386 2050 speciem,
1402 1996 1463 2051 quae
1476 1983 1556 2037 tertia
1571 1997 1663 2037 rerum

980 2067 1100 2124 Umbras
1118 2071 1229 2125 mentiri
1245 2072 1343 2139 nescit,
1361 2073 1407 2127 sed
1425 2073 1532 2142 singula
1547 2081 1683 2130 nronstrat

979 2159 1092 2217 Tersius
1106 2162 1140 2227 ⁸⁸,
1156 2171 1184 2216 et
1196 2164 1287 2232 speeie
1300 2164 1405 2219 meliori
1421 2175 1519 2220 cuncta
1536 2166 1645 2236 ligarat.

979 2251 1030 2307 llic
1047 2268 1138 2308 rerum
1154 2254 1268 2319 lontcnr,
1284 2256 1380 2309 mundi
1396 2271 1494 2326 genus,
1505 2256 1581 2312 orbis
1596 2256 1697 2320 ideam,

979 2341 1136 2414 Exemplar,
1155 2346 1285 2415 speciem,
1304 2361 1429 2411 causam,
1445 2344 1605 2415 primordia,
1619 2347 1711 2411 linem,

978 2434 1131 2506 Conspicit,
1149 2446 1177 2491 et
1190 2439 1273 2492 certis
1286 2438 1398 2493 metitur
1411 2437 1518 2507 singula
1534 2438 1626 2492 causis
1640 2455 1646 2489 :

979 2527 1039 2595 Qua
1056 2531 1173 2593 ratione,
1183 2530 1285 2600 quibus
1295 2529 1398 2597 causis,
1412 2545 1472 2596 eur,
1483 2531 1634 2601 quomodo,
1647 2530 1770 2601 quando,

978 2619 1129 2688 instabilis,
1148 2623 1267 2693 genitus,
1283 2621 1405 2687 lluitans,
1426 2622 1579 2688 mutabilis,
1596 2624 1648 2677 iste

979 2711 1108 2778 Mundus,
1126 2713 1161 2767 ab
1181 2714 1314 2785 ingenito,
1329 2714 1433 2780 stabili,
1449 2722 1581 2784 certoque
1597 2714 1724 2784 liguram,

979 2802 1058 2871 Esse,
1074 2811 1187 2871 statum,
1204 2804 1341 2874 speciem,
1357 2804 1441 2858 ritant
1456 2803 1595 2859 contraxit
1613 2812 1641 2857 et
1667 2814 1770 2860 ortum.

980 2896 1125 2962 Quomodo
1140 2905 1297 2952 terrestrem
1311 2895 1427 2951 formam
1446 2896 1566 2952 caelestis
1581 2895 1640 2950 idea

942 3001 963 3059 c
981 2988 1084 3058 Gignit,
1095 2998 1123 3043 er
1134 2988 1162 3042 in
1173 2996 1297 3044 nostram
1309 2988 1432 3044 sobolem
1446 2989 1618 3046 transscribit
1629 2990 1770 3062 abyssum.

981 3078 1064 3134 blittit
1079 3079 1106 3132 in
1122 3078 1256 3133 auxilium
1271 3081 1295 3119 ⁰⁰
1308 3078 1424 3143 lormas,
1442 3096 1511 3150 quas
1523 3081 1643 3137 destinat
1655 3083 1725 3138 orbi.

980 3165 1004 3220 Α
1018 3173 1095 3236 patre
1108 3163 1257 3237 degenerat
1270 3166 1373 3235 proles,
1391 3164 1544 3237 faciemque
1557 3178 1700 3238 paternam

981 3256 1074 3323 Exuit,
1089 3256 1196 3328 antiqui
1211 3256 1305 3312 rultus
1321 3257 1405 3312 oblita
1419 3258 1550 3329 parentis,

981 3349 1106 3417 Qualiter
1121 3333 1148 3404 in
1165 3350 1269 3405 nruodo
1282 3349 1447 3420 phantasma
1463 3349 1580 3404 resultat
1594 3348 1672 3416 ideae,

980 3441 1068 3511 Cujus
1084 3441 1237 3498 inoffensus
1252 3440 1383 3511 splendor
1397 3440 1514 3496 sentitur
1531 3440 1558 3494 in
1575 3439 1684 3508 umbra,

982 3533 1131 3600 Qualitera
1148 3532 1223 3588 lonte
1237 3532 1388 3588 formarum
1404 3532 1480 3588 rivus
1494 3531 1627 3586 aberrans

981 3627 1134 3699 lngcnitum
1149 3626 1238 3697 perdit
1251 3625 1368 3696 subjecti
1383 3625 1445 3679 labe
1459 3624 1588 3678 nitorem.

983 3718 1053 3786 Quid
1067 3726 1146 3789 cogat
1162 3716 1260 3786 latum,
1275 3716 1349 3788 quod
1365 3731 1432 3773 casu
1445 3715 1557 3781 dehnat,
1573 3723 1620 3770 aut
1634 3712 1703 3785 quid

982 3810 1095 3865 Arbitrii
1110 3809 1198 3879 possit
1211 3809 1302 3864 medio
1317 3810 1414 3863 librata
1430 3817 1551 3879 potestas
1568 3827 1574 3862 :

983 3899 1019 3953 Se
1033 3907 1119 3955 totam
1133 3899 1204 3952 ratio
1219 3899 1340 3968 speculis
1354 3898 1483 3967 expendit
1497 3900 1524 3952 in
1541 3898 1612 3953 istis.
1625 3882 1631 3892 ’

983 3990 1037 4046 Sed
1052 3989 1140 4060 magis
1157 3989 1192 4044 ad
1209 4005 1331 4059 praesens
1345 3991 1421 4045 risus
1436 3989 1558 4058 indulget
1575 3989 1699 4054 habenis,

982 4083 1100 4139 lientern
1119 4082 1257 4147 sollicitat,
1273 4083 1394 4136 animum
1413 4081 1549 4146 diffundit,
1566 4090 1595 4134 ut
1609 4080 1684 4135 intus

982 4174 1126 4231 llauriata
1143 4172 1263 4243 speculis
1278 4171 1382 4243 aliquid
1398 4171 1418 4202 '¹
1439 4170 1546 4225 ratione
1561 4170 1718 4239 probatum,

983 4268 1063 4334 Quod
1081 4267 1161 4338 digne
1180 4265 1244 4321 lerri
1261 4273 1352 4320 tantas
1367 4272 1506 4318 mereatur
1520 4262 1553 4318 ad
1569 4276 1660 4317 aures.

141 4397 1772 4441 mmmm

636 4561 719 4634 aab
744 4550 926 4648 LIBER
952 4545 1283 4640 SECUNDUS.

401 4838 516 4897 CAPUT
536 4836 682 4893 Pututttt.

149 4972 278 5031 Veientes
290 4974 385 5043 curiga
399 4973 482 5027 uires.
501 4970 623 5025 Eetionis
645 4968 792 5023 discurens.
809 4966 932 5021 listinae

180 5044 326 5109 buntiiicpa
340 5042 405 5112 petit
424 5044 537 5096 oreiam.
558 5039 693 5110 Approbct
717 5037 857 5092 consilinm
873 5034 932 5090 Nn-

181 5124 260 5197 tarcc.
282 5113 423 5167 flaminem
447 5110 588 5167 airtrrtibar
603 5109 725 5165 cornibus
740 5109 883 5178 perlectum
905 5105 932 5159 in

181 5196 259 5239 terrra
273 5193 357 5253 optet.

146 5277 299 5349 Regiatota
315 5276 387 5343 silet,
405 5275 527 5345 exspirat
540 5287 677 5336 murmur,
697 5269 724 5323 in
743 5267 827 5323 altum

146 5369 216 5428 Cum
232 5372 291 5427 risu
310 5369 433 5441 placidos
445 5367 551 5439 delegat
563 5366 640 5421 curia
654 5363 758 5419 vultus.

984 4896 1056 4952 Curn
1070 4895 1131 4951 risu
1146 4893 1233 4949 currit
1247 4892 1368 4957 animus,
1386 4888 1533 4952 visumque
1548 4885 1684 4939 volantem

985 4992 1142 5060 huticipare
1154 4989 1230 5060 cupit
1244 4988 1320 5043 risus
1333 4986 1428 5056 auriga
1443 4985 1578 5040 uoluntas.

986 5083 1090 5140 Evocat
1103 5098 1171 5155 ergo
1184 5081 1259 5138 loras
1270 5090 1389 5135 mentem
1406 5075 1519 5132 rationis
1533 5072 1668 5127 insudans

987 5175 1146 5245 Eloquium,
1166 5187 1313 5244 sermoque
1329 5169 1442 5225 modurn
1456 5163 1613 5223 decurritiu
1627 5162 1721 5215 istum.

989 5267 1138 5336 Plusquam
1154 5280 1237 5336 posse
1253 5279 1344 5318 meum
1357 5260 1453 5331 possit,
1465 5270 1510 5311 me
1523 5266 1605 5323 posse
1617 5247 1729 5321 jubetis,

990 5354 1062 5411 birm
1078 5365 1194 5410 rostram
1212 5368 1296 5424 cogor
1311 5350 1420 5406 indocta
1433 5346 1533 5402 docere
1543 5340 1705 5397 binariam

791 5448 907 5506 vsutAE
925 5445 1129 5503 tuberosus

184 5621 209 5657 ⁸¹
228 5620 296 5692 lla,
314 5620 419 5688 senior,
456 5618 479 5653 ⁸⁰
493 5615 608 5674 Natura.
667 5616 690 5650 n
710 5613 902 5674 lla..certius.
957 5609 1063 5669 ’⁰lls..
1083 5606 1220 5664 exsilium.
1276 5603 1297 5635 ⁰¹
1319 5597 1449 5656 Verbum.
