3992 6042
134 248 188 312 ,ῃ
793 227 1122 291 ssurunrrnume.
1707 230 1764 289 asa

134 378 279 443 „erinium
298 363 377 436 (App.
394 363 427 433 ι),
448 363 476 417 in
501 373 583 416 saeco
604 369 718 429 pennae
745 351 854 408 ridetur
877 364 925 420 pe·
938 357 962 416 g
975 344 1031 400 rita
1046 341 1224 411 concedatur,
1236 349 1266 400 ut
1278 356 1328 415 per
1341 341 1445 399 bouum
1465 351 1603 400 cemamen
1622 338 1763 414 perseniat

133 460 218 518 cunia
233 456 345 529 quando
361 455 489 519 mittitur,
505 450 551 508 sed
574 465 630 505 non
644 447 756 520 quando
778 442 922 499 amittitur.
975 437 1010 491 etl
1021 434 1228 491 beatitudinem.

133 551 190 620 Qui
221 564 288 620 crgo
311 554 414 617 quanta
446 543 601 613 largiuntur
627 537 776 608 aspiciunt,
792 533 840 591 sed
870 546 925 589 uon
1011 530 1254 602 lutemporeergo
1279 530 1629 599 salutissuae,dumestei
1650 540 1762 605 tempus

133 651 241 713 guarna
269 637 391 709 rapiunt,
417 635 448 689 in
480 648 592 689 saccum
620 638 763 701 pertusum
785 625 925 682 mercedes
975 621 1152 692 acceptabile,
1179 622 1335 678 exsurrexit
1361 623 1389 678 in
1411 624 1540 694 superbia
1560 632 1588 680 et
1613 625 1763 696 cupiditate

134 730 338 801 mittunt,quia
352 743 400 785 eas
413 728 442 782 iu
456 741 505 797 spe
522 724 631 780 hduciae
646 723 783 777 intuentes
808 732 924 788 congre·
976 721 1147 769 terrenarum
1168 729 1259 769 rerum
1280 723 1399 771 aestuans
1423 716 1482 772 sine
1500 716 1575 772 omui
1590 718 1688 774 timore
1702 717 1761 775 bei.

134 833 215 895 gant,
231 820 277 876 sed
294 834 349 874 uon
362 833 393 873 se
401 815 542 871 intuentes
549 813 677 884 perdunt.
1013 805 1054 859 hd
1069 806 1135 872 hec,
1149 821 1230 870 mors,
1253 806 1374 876 sanguis,
1396 809 1528 861 contentio
1545 817 1571 862 er
1597 808 1761 876 rhomphea,

173 909 228 973 Qui
252 906 406 977 daptiaotar
421 921 443 959 a
463 912 579 967 mortuo,
594 912 618 956 et
639 901 736 955 iterum
749 897 833 969 tangit
854 912 924 961 enm,
975 895 1166 965 oppressiones,
1186 894 1460 966 fames,etc.·(is‘ccii.
1476 896 1533 968 xo).
1556 897 1685 954 Peccanti
1708 899 1761 955 ho-

133 1001 199 1073 quin
211 999 315 1070 proficis
333 998 432 1053 lauatio
443 996 524 1068 ejas?
543 993 640 1067 (Ereti.
656 992 751 1060 xxxtu)
768 990 834 1046 Post
849 989 926 1044 lara·
975 986 1044 1041 mini
1073 986 1214 1056 multiplex
1242 1003 1324 1057 poeua
1347 988 1477 1058 deputata
1498 998 1550 1056 est,
1567 998 1598 1044 ut
1621 1000 1762 1047 correctus

134 1108 215 1147 crum
240 1090 361 1146 mundus
384 1104 446 1146 esse
469 1088 602 1158 negligit,
626 1086 674 1156 qui
701 1093 764 1156 post
788 1084 924 1155 lacrymas
976 1075 1118 1145 poenitcat,
1131 1084 1160 1131 et
1182 1077 1310 1147 deinceps
1328 1088 1443 1145 careat;
1460 1079 1508 1134 scd
1526 1080 1590 1150 quia
1611 1081 1723 1151 negligit
1735 1092 1764 1138 et

133 1184 200 1239 nita
222 1181 409 1238 innocentiam
426 1195 483 1234 non
500 1178 631 1234 custodit.
649 1175 788 1231 Larantur
814 1173 926 1245 quidam
977 1164 1005 1220 iu
1028 1165 1107 1236 pejus
1135 1165 1236 1232 deficit,
1258 1167 1320 1221 idco
1348 1167 1456 1223 induxit
1472 1167 1604 1225 Dominus
1629 1170 1762 1228 diluuium

134 1284 166 1330 et
180 1273 276 1330 mundi
288 1288 342 1327 uon
358 1279 432 1337 sunt,
445 1270 511 1340 quia
533 1266 680 1323 commissa
694 1264 760 1321 here
773 1277 828 1319 uon
852 1263 927 1320 desi·
977 1255 1047 1321 orbi,
1069 1264 1099 1310 ut
1119 1255 1258 1311 hominem
1274 1257 1376 1312 deleret
1397 1274 1478 1328 quem
1495 1261 1607 1314 creavit.
1618 1261 1659 1316 Ad
1684 1275 1763 1317 coma

135 1373 217 1432 „ung
229 1372 256 1420 ρ)
268 1378 366 1418 „psus
377 1361 464 1416 penda
475 1358 660 1416 commissum,
977 1345 1147 1413 parationem
1162 1360 1227 1401 uero
1239 1345 1339 1401 suturae
1352 1362 1449 1416 poerrae,
1459 1349 1527 1403 nihil
1538 1361 1579 1405 cst
1593 1351 1666 1420 quod
1680 1351 1764 1406 bomo

175 1455 330 1509 Retribuena
361 1451 492 1506 Dominus
511 1450 608 1520 septies
633 1455 739 1502 tantum
759 1445 850 1500 reddet
878 1445 926 1500 tihi
976 1438 1082 1507 ballivi
1106 1437 1287 1507 ittvraesenti·
1307 1437 1376 1494 Nutu
1399 1451 1465 1495 tuuc
1488 1441 1567 1511 plena
1585 1441 1765 1512 etproiunda

136 1544 235 1616 (Ereti.
248 1543 345 1613 xxxo).
358 1541 512 1597 l‘eriectam
530 1538 636 1596 scilicet
662 1536 924 1593 remunerationem.
976 1527 1097 1583 lindiche
1121 1528 1223 1593 veniet,
1251 1539 1280 1583 ut
1303 1531 1400 1600 quiin
1426 1533 1553 1602 prasenti
1578 1533 1631 1588 uita
1650 1550 1764 1605 peccare

138 1635 317 1707 Septenarius
328 1633 413 1698 euim,
431 1631 497 1702 quia
512 1640 616 1701 septem
632 1628 704 1684 doua
723 1625 843 1698 Spiritus
862 1642 927 1683 sau·
976 1634 1033 1674 non
1047 1630 1166 1681 cessant.
1186 1623 1246 1677 sine
1259 1623 1312 1678 tine
1327 1625 1495 1679 crucientur.

135 1727 174 1782 cti
186 1724 365 1790 demonstrat,
379 1721 515 1795 perlectus
526 1731 584 1788 est;
597 1729 625 1775 et
639 1720 704 1791 quia
724 1719 882 1775 interiorem
899 1722 963 1777 etB
999 1710 1066 1766 ·Vt'r
1092 1715 1234 1781 respiciens
1259 1716 1286 1768 in
1311 1732 1427 1770 mearunt
1447 1716 1562 1770 alienum
1579 1732 1630 1771 non
1651 1727 1689 1772 est
1707 1718 1764 1773 rita

135 1816 303 1871 exteriorem
323 1814 445 1869 hominis
460 1812 643 1869 substantiam
660 1810 878 1882 comprehendit,
897 1810 925 1864 in
977 1804 1034 1874 ejas
1046 1805 1074 1859 in
1086 1808 1246 1876 cogitatione
1259 1810 1341 1864 victua
1356 1809 1460 1880 (ibid).
1474 1810 1593 1865 Stultum
1609 1819 1652 1866 est
1672 1811 1764 1878 otiari,

134 1907 258 1962 ternario
283 1902 531 1976 auimamfflude:
555 1902 658 1972 lliiigea
672 1900 815 1955 Domitium
841 1899 927 1954 Deum
977 1903 1005 1949 et
1031 1896 1065 1950 de
1086 1897 1176 1951 alieno
1198 1899 1291 1954 labore
1306 1901 1460 1955 mercedem
1485 1916 1617 1969 quaerere.
1643 1901 1765 1971 liccipiet

137 2002 225 2060 taam,
240 2011 273 2049 ea
288 2002 341 2048 toto
354 1994 431 2049 eorde
441 2002 496 2059 tao,
510 2000 562 2047 etc.
580 1988 678 2045 harri.
695 2004 751 2043 xxu
763 1986 864 2054 ;hlara.
874 1989 926 2055 xri)
983 1988 1175 2057 uuusquisque
1200 1992 1350 2045 secundum
1380 2005 1463 2059 opera
1483 2006 1533 2046 sua
1547 1990 1634 2059 (Rom.
1646 1992 1687 2063 n).
1712 1992 1762 2048 Cui

135 2086 167 2140 in
191 2085 366 2154 quaternario
391 2098 491 2153 corpus
514 2079 738 2153 signillcat,quia
765 2092 866 2148 corpus
893 2076 927 2131 dc
977 2076 1066 2147 placet
1080 2077 1167 2132 otiose
1182 2088 1300 2148 torpere.
1317 2096 1367 2135 uec
1385 2081 1519 2148 proximis
1538 2080 1662 2137 docendo
1684 2083 1762 2155 163

135 2183 258 2246 quarum
272 2173 413 2228 elementis
424 2180 544 2229 constan,
978 2166 1118 2236 prodesse,
1131 2168 1240 2223 tandem
1267 2170 1407 2225 doloribus
1422 2169 1524 2225 iuierni
1545 2179 1572 2226 et
1599 2187 1660 2227 sera
1675 2173 1765 2244 preni-

172 2264 241 2320 hott
253 2265 348 2334 offerre
360 2281 470 2319 matters
483 2279 575 2335 praua,
591 2280 644 2318 non
656 2265 727 2319 enirn
737 2262 863 2332 surripiet
876 2261 926 2316 illa
978 2255 1063 2309 tentia
1076 2257 1211 2312 aeslttablt.

137 2352 238 2426 (liecii.
253 2353 349 2424 xxxa).
361 2352 440 2423 Apud
458 2351 545 2408 Deum
569 2366 624 2407 non
645 2360 688 2407 est
710 2352 851 2422 quantitas
865 2366 927 2405 xcu-
1014 2344 1129 2412 (imore,
1147 2363 1330 2416 qrtomamara
1345 2361 1384 2404 est
1399 2351 1524 2406 ntemoria
1538 2351 1699 2406 trahamini
1716 2370 1766 2424 pa·

136 2444 226 2511 ueris,
241 2458 292 2499 uec
310 2456 428 2513 persona
450 2442 570 2512 potentis
584 2441 735 2513 appetitur,
748 2441 795 2496 sed
815 2440 926 2495 dilectio
976 2452 1030 2488 cen
1050 2433 1156 2489 habenti
1168 2438 1196 2489 in
1210 2439 1365 2493 substantiis
1386 2441 1452 2506 artis,
1468 2443 1523 2494 ciro
1538 2443 1636 2511 quieto,
1649 2453 1674 2496 et
1688 2443 1765 2512 caina

137 2544 175 2610 et,
185 2534 329 2589 humilitas
343 2533 445 2599 cordis,
457 2532 520 2588 ideo
533 2548 615 2588 nemo
627 2532 707 2588 debet
721 2532 821 2587 offerre
836 2530 925 2587 sacri·
975 2526 1025 2579 uite
1035 2525 1142 2580 directe
1153 2539 1214 2580 sunt
1226 2529 1254 2581 in
1269 2530 1389 2585 omnibus
1402 2541 1427 2584 et
1441 2533 1527 2585 adhuc
1538 2533 1637 2587 ualeatr'
1648 2533 1766 2603 accipere

137 2623 233 2679 licium
244 2622 278 2678 dc
289 2608 443 2692 iniquitate,
459 2622 507 2678 sed
519 2623 553 2677 de
568 2622 645 2692 justo
660 2624 765 2678 labore.
974 2614 1081 2671 eibum!
1094 2615 1190 2684 (Ereti.
1202 2618 1271 2689 xm.)
1287 2618 1338 2685 Qui
1352 2622 1561 2691 prosperitatem
1574 2622 1668 2679 mundi
1679 2633 1707 2679 et
1720 2625 1764 2680 di·

176 2712 243 2768 Noti
266 2714 361 2769 auidas
384 2729 454 2769 esrae
479 2715 508 2767 in
531 2715 604 2768 omni
619 2715 781 2783 epulatione,
793 2726 817 2770 et
831 2731 884 2770 non
900 2723 926 2769 ta
974 2709 1158 2774 uitiasamat,
1177 2725 1270 2765 amara
1297 2721 1339 2767 cst
1361 2713 1398 2766 iili
1421 2728 1496 2769 mors
1519 2715 1682 2785 corporalis,
1700 2716 1766 2787 quia

138 2807 262 2877 quadan
277 2823 355 2876 snper
368 2822 470 2861 omnem
483 2822 569 2862 escant
589 2805 685 2878 (Ereti.
698 2807 815 2876 xxxvii).
842 2807 925 2863 iuxta
975 2799 1076 2858 lutura
1087 2804 1148 2858 ritae
1163 2806 1261 2874 gaudia
1273 2804 1393 2875 negligit.

138 2897 305 2965 ltistoriam,
328 2897 528 2968 parcimoniam
549 2899 659 2965 laudat,
687 2898 828 2969 crapulam
850 2898 924 2954 ritu·
1012 2893 1127 2960 Omors,
1136 2893 1278 2948 benamesi
1284 2895 1417 2964 pacticiam
1429 2906 1504 2951 taum
1515 2898 1615 2953 leonini
1625 2900 1764 2971 indigenti,

134 2995 229 3057 perat,
246 3002 308 3057 quae
332 2988 365 3042 ad
378 2986 566 3042 iutlrmitatcm
582 2987 710 3058 perducit
735 2987 922 3045 devorantem.
975 2994 1000 3041 et
1012 2987 1057 3057 qni
1076 2986 1226 3041 minoratur
1241 2988 1357 3051 uiribus:
1372 2989 1471 3058 defecto
1486 3000 1580 3059 atate,
1592 3000 1645 3049 cte.
1663 2993 1764 3065 (ibid).

134 3079 330 3150 'llysticcuero
353 3081 493 3145 admonet,
513 3078 587 3133 utin
618 3078 815 3148 temporalibus
835 3039 959 3134 simusC
975 3076 1080 3132 Bonum
1104 3085 1147 3132 cst
1168 3077 1471 3147 christianisjudicium
1496 3083 1608 3148 mot-tis,
1630 3083 1693 3153 quia
1718 3100 1766 3153 per

137 3178 333 3239 temperantes.
361 3167 461 3225 Unde:
488 3168 542 3225 liet
567 3170 699 3236 invenisti,
719 3171 824 3224 comede
853 3168 924 3239 qnod
971 3169 1062 3238 ipsam
1084 3176 1228 3224 transeunt
1248 3167 1282 3221 ad
1305 3178 1434 3225 aeternam
1455 3173 1550 3228 vitam.
1567 3172 1628 3228 Noli
1643 3184 1765 3230 nrctrrere

137 3260 235 3330 suffieit
251 3260 300 3316 tibi
317 3260 409 3331 (Proo.
424 3261 499 3331 ιιι).
512 3259 546 3316 Ει
557 3261 622 3317 alibi
636 3278 644 3316 a
658 3259 724 3315 Noli
748 3259 809 3331 plur
832 3274 924 3330 sapere
971 3258 1105 3331 judicium
1119 3258 1216 3314 mortis
1231 3260 1397 3329 temporalis,
1406 3263 1452 3317 scd
1467 3263 1558 3331 potius
1573 3279 1583 3317 .·
1596 3263 1664 3317 Eum
1678 3265 1767 3321 timete

136 3367 218 3422 quarn
230 3351 530 3424 oportetsaperefflont.
544 3351 605 3424 xri).
973 3349 1020 3419 gui
1032 3357 1115 3418 potest
1135 3349 1253 3402 animam
1272 3355 1297 3401 et
1321 3364 1417 3418 corpur
1439 3352 1548 3420 perdere
1569 3353 1597 3406 in
1622 3354 1766 3423 gehennom

175 3441 286 3498 Honora
311 3445 442 3498 mediatam
466 3454 572 3514 propter
597 3443 802 3499 necessitatem:
827 3443 924 3498 etenim
974 3438 1086 3512 (batth.
1102 3439 1143 3510 x).

138 3534 239 3588 creauit
266 3533 344 3588 ilium
357 3532 512 3587 ditissimus
529 3530 627 3603 (Ereti.
644 3532 772 3601 xxxrrn).
787 3529 923 3586 Discretos
1009 3526 1069 3595 Quo
1083 3529 1116 3583 ad
1132 3529 1313 3600 aequalitatem
1328 3539 1437 3586 staterae
1446 3541 1473 3586 ct
1483 3533 1646 3602 ponderum,
1663 3536 1767 3607 ubique

136 3625 199 3679 ruit
222 3639 272 3679 nos
285 3639 346 3680 esse
374 3624 402 3678 iu
415 3624 556 3690 omnibus,
580 3623 645 3694 quia
663 3624 756 3677 omnia
778 3637 860 3691 opera
876 3620 923 3675 lici
973 3621 1106 3674 seruanda
1121 3631 1162 3674 est
1185 3622 1300 3690 aequitas
1314 3629 1342 3676 et
1356 3621 1530 3677 obseruanda
1542 3625 1636 3695 regula
1657 3635 1765 3682 staterae

136 3714 212 3770 bona
225 3715 304 3770 ralde
318 3712 394 3787 (Gen.
412 3715 444 3786 ι).
460 3712 551 3782 liade,
571 3729 626 3769 non
641 3713 773 3769 debemus
784 3728 833 3767 eos
847 3727 924 3782 sper·
972 3718 1000 3766 ct
1024 3712 1186 3780 ponderum,
1209 3726 1244 3766 ne
1268 3711 1518 3769 circumveniamus
1536 3712 1650 3769 tratrem
1666 3716 1694 3771 in
1707 3731 1766 3772 em-

136 3819 215 3869 nere,
231 3819 302 3875 oues
330 3813 439 3860 constat
463 3803 622 3859 Creatorem
641 3802 675 3859 ad
701 3801 846 3857 utilitatem
873 3816 923 3854 no·
972 3802 1075 3870 ptionc.
1089 3801 1226 3868 Quantum
1238 3802 1657 3873 hypocrisis,etdolusl)ornino
1669 3806 1766 3878 displi-

138 3903 224 3949 stram
239 3894 346 3951 iecisse.
361 3895 432 3950 Sunt
444 3895 601 3965 corporales
622 3892 731 3959 medici,
742 3900 806 3948 suut
820 3899 847 3947 et
867 3891 924 3961 spi·
972 3899 1064 3956 ccant,
1077 3893 1195 3947 ostendit
1211 3892 1254 3947 bis
1266 3893 1357 3948 uerbis
1372 3912 1379 3947 :
1397 3891 1505 3948 Stetere
1518 3896 1611 3951 dolosa
1622 3899 1765 3953 abomina-

136 3986 262 4042 rituales.
284 3985 448 4057 Corporales
471 3986 570 4042 medici
597 4000 712 4057 corpora
730 4002 738 4053 ;
754 3982 921 4054 spirituales,
973 3984 1011 4036 tio
1024 3984 1144 4053 eatupud
1159 3984 1256 4050 Deum,
1274 3993 1299 4039 et
1317 3990 1420 4055 pondua
1442 4002 1546 4057 agnam
1565 3989 1687 4044 ootantaa
1707 3993 1764 4062 ejas

136 4086 238 4131 curant
261 4077 378 4132 animas.
397 4074 510 4146 Utrique
524 4090 592 4147 ergo
615 4073 770 4130 honorandi
786 4082 860 4140 sunt,
875 4073 921 4129 scd
973 4074 1066 4145 (Prae.
1083 4074 1133 4145 xi).
1149 4072 1201 4141 Qui
1214 4077 1292 4132 aliter
1306 4092 1418 4133 causam
1445 4082 1573 4149 pauperis
1596 4090 1624 4135 ct
1645 4084 1765 4151 potentis

136 4165 294 4236 spirituales
308 4166 481 4237 praeferendi.
730 4199 735 4208 .
971 4163 1065 4231 librat,
1075 4165 1118 4218 uel
1129 4179 1178 4219 sua
1193 4176 1283 4222 errata
1308 4167 1409 4223 leniora
1433 4185 1516 4240 qnam
1539 4172 1657 4227 aliorum
1670 4182 1763 4244 putat,

174 4255 237 4312 Non
263 4266 302 4313 est
325 4258 421 4324 disere,
434 4259 498 4329 qnid
516 4267 555 4313 ert
573 4257 622 4314 hoa
647 4266 695 4312 aut
712 4257 777 4329 quid
796 4267 835 4312 est
853 4257 922 4311 iliad
968 4254 1015 4307 rol
1028 4256 1074 4325 qni
1087 4255 1201 4325 imponit
1214 4258 1241 4311 in
1254 4258 1383 4313 humeros
1399 4260 1540 4316 hominurn
1558 4278 1644 4319 onera
1658 4264 1764 4334 impor-

137 4350 236 4424 (liceli.
250 4349 359 4421 xxxix).
382 4348 513 4405 Prohibet
527 4364 579 4405 uos
591 4364 653 4405 esse
667 4348 803 4416 curiosos,
815 4357 842 4404 et
858 4364 922 4418 per·
938 4347 1137 4416 [stabilierat
1156 4349 1202 4419 qui
1225 4352 1297 4406 bona
1311 4351 1340 4406 iu
1358 4352 1483 4423 publico,
1499 4355 1571 4410 mala
1586 4356 1614 4410 in
1636 4361 1763 4426 occulto,

135 4441 256 4498 scrutari
271 4456 333 4510 puae
361 4440 434 4496 scire
451 4455 505 4495 uon
527 4439 781 4495 convectatione
801 4441 871 4494 enim
894 4440 922 4494 in
975 4437 1167 4495 abominabilis
1178 4450 1220 4495 cst
1231 4441 1357 4497 hirmino.

137 4543 253 4604 tempora
266 4549 315 4587 suo
330 4531 583 4602 manifestabuntur,
599 4549 662 4588 cum
678 4532 843 4587 illuminabis
864 4532 922 4587 Dp.
1012 4525 1091 4582 Omni
1105 4529 1207 4584 homini
1226 4532 1280 4586 noti
1300 4534 1434 4591 intendere
1445 4537 1473 4592 in
1485 4538 1584 4607 speeie,
1595 4548 1621 4592 et
1631 4541 1658 4594 in
1677 4543 1764 4597 medio

135 4625 225 4680 minas
244 4625 400 4681 abscondita
416 4625 592 4694 tenebrarum,
610 4634 636 4679 et
654 4624 838 4694 manifestabit
859 4640 923 4679 ecn-
975 4616 1114 4672 mulierum
1127 4619 1181 4672 tuli
1191 4623 1454 4693 retransmittebat.
1468 4625 1637 4695 attribuam
1650 4644 1699 4686 nes
1713 4647 1765 4702 pu.

136 4713 200 4770 tilia
209 4715 331 4769 cordiam
345 4712 373 4786 (1
384 4712 447 4769 Cor.
462 4714 511 4785 ru).
973 4708 1081 4765 ritatem
1090 4711 1180 4767 cordis
1192 4720 1219 4767 et
1230 4715 1354 4785 corporis
1365 4731 1485 4773 seruarc.
1498 4717 1592 4777 Unde:
1604 4719 1764 4781 Periculose

172 4805 259 4877 ignis,
271 4807 385 4877 grando,
400 4806 484 4875 fornes
498 4814 523 4860 et
534 4820 616 4868 mora,
636 4803 727 4857 omitia
744 4801 800 4856 hoee
814 4802 849 4856 ad
862 4800 916 4856 uin·
971 4801 1022 4856 tibi
1046 4803 1199 4869 ministrat,
1214 4805 1296 4876 cujus
1317 4808 1423 4865 nultum
1446 4805 1606 4882 frequenter
1626 4817 1761 4884 attendis;

134 4897 237 4954 dictam
249 4909 338 4953 ereata
358 4907 420 4953 rant
447 4897 534 4969 (Erat.
557 4897 664 4965 xxxix).
691 4893 790 4952 Omnia
815 4894 920 4951 bomini
973 4909 1036 4949 nam
1051 4893 1181 4965 impudici
1193 4899 1264 4954 oculi
1275 4915 1331 4954 trun
1342 4910 1444 4957 norunt
1458 4904 1556 4961 animae
1580 4905 1763 4977 pulchritudi-

135 4996 366 5058 aute.peccatum
391 4987 568 5054 obediebant,
584 4994 647 5056 post
675 4993 818 5056 peccatum
843 4997 919 5051 reru,
972 4997 1036 5040 rtem
1048 4989 1233 5058 considerare,
1252 4993 1299 5049 scd
1317 5009 1475 5065 corporum.

135 5088 241 5151 pugnat
260 5087 358 5134 contra
381 5095 444 5135 eum
483 5078 561 5136 orbis
588 5087 743 5146 terrarum
770 5077 858 5132 tames
894 5085 921 5132 et
1007 5079 1047 5135 De
1061 5085 1222 5141 uestimentis
1237 5090 1354 5158 procedit
1369 5092 1765 5165 threaetamuiiereinipnirua

134 5184 213 5225 mors
222 5176 251 5224 et
269 5170 343 5224 mille
351 5170 481 5240 prieurs
493 5170 601 5226 mortis.
619 5167 718 5225 Bestias
731 5182 841 5240 quoque
851 5181 917 5223 con·
969 5171 1023 5226 uiri
1034 5188 1045 5227 .·
1055 5174 1268 5233 metiorcrtenim
1282 5180 1410 5251 iniquitas
1421 5183 1484 5250 oiri,
1493 5200 1573 5255 quam
1584 5183 1763 5239 matierberre-

131 5268 179 5318 tra
196 5276 259 5318 eum
273 5262 399 5328 sariunt,
414 5270 442 5318 et
455 5262 613 5332 rhomphea
631 5259 751 5318 coeiestis
765 5258 901 5315 vindictae.
973 5260 1088 5329 fasiana·
1098 5274 1124 5318 et
1137 5264 1233 5320 mulier
1248 5270 1410 5339 contendens
1422 5272 1450 5325 in
1468 5272 1635 5341 opprobriam
1659 5256 1767 5344 (idid).

168 5353 232 5411 ldeo
242 5354 307 5410 mali
317 5354 516 5411 cruciabuntur
526 5356 554 5409 iu
567 5369 659 5425 prena,
674 5352 738 5424 quia
751 5353 779 5407 iu
798 5362 919 5422 ternpore
972 5348 1070 5408 liulier
1083 5366 1131 5409 aut
1143 5371 1239 5412 sexum
1263 5360 1415 5431 siguihcat,
1433 5364 1505 5418 sicut
1517 5363 1553 5417 ibi
1572 5381 1579 5417 ε
1599 5362 1674 5418 llisit
1689 5363 1761 5421 Deus

133 5446 188 5504 sibi
207 5447 272 5505 dato
285 5448 319 5504 ad
335 5446 537 5519 paenitentiam,
550 5459 665 5516 peccare
689 5461 745 5501 nou
768 5444 917 5512 desinuut;
972 5439 1076 5498 Filium
1089 5460 1177 5513 ruam,
1190 5457 1282 5504 natam
1293 5466 1325 5506 ea
1336 5454 1446 5507 moliare
1461 5451 1534 5523 (Gal.
1551 5452 1599 5526 tr).
1615 5462 1669 5510 aut
1685 5455 1763 5512 iubr-

132 5537 273 5594 aestimant
295 5536 369 5594 enim
382 5535 573 5607 (prosperitate
592 5536 671 5607 guasi
696 5549 794 5591 somno
818 5534 919 5606 delusi)
972 5536 1109 5607 mitatem,
1132 5540 1204 5597 sicut
1226 5542 1291 5599 bic:
1310 5543 1398 5599 liomo
1412 5554 1492 5600 natur
1504 5546 1536 5602 da
1550 5549 1670 5618 matiere,
1689 5548 1761 5604 treus·

134 5638 243 5697 tempus
253 5645 315 5689 esso
326 5628 413 5699 pacis,
430 5642 485 5686 non
498 5627 573 5698 belli,
588 5642 652 5686 cum
668 5627 773 5685 bomini
797 5642 918 5700 praesens
971 5628 1057 5728 aloem
1075 5640 1204 5702 ternpore,
1225 5633 1343 5692 reoterar
1356 5635 1449 5692 matria
1469 5638 1584 5696 somariis
1599 5638 1677 5710 (leh,
1691 5640 1760 5708 ιιι).
