3992 6042
253 207 306 266 Ἥ
916 192 1018 252 ALth
1039 191 1083 247 DE
1101 189 1235 248 msuuts
1828 190 1882 245 ,ω

253 324 364 379 uiautus
388 318 503 375 feliciter
524 316 560 372 ad
581 315 740 372 Creatorem
762 323 905 381 nostrum,
929 311 973 365 cni
1000 320 1042 368 est
1055 313 1078 372 Α
1091 302 1248 359 innocentia
1261 309 1315 369 est,
1330 308 1361 357 ut
1373 314 1425 356 nec
1436 298 1530 366 laedas,
1547 314 1598 354 neo
1611 298 1709 355 laedere
1722 300 1801 365 rells,
1812 329 1818 333 -
1830 303 1882 359 lte.

253 409 343 466 bonor
353 411 380 464 in
396 404 496 464 meula
510 402 682 459 saeculorum.
698 401 794 456 Amen.
1093 394 1235 450 nedcentia
1247 402 1300 459 cst,
1311 399 1342 448 ut
1355 391 1379 448 si
1392 391 1492 461 possis,
1507 391 1607 460 prosis,
1620 391 1644 446 si
1657 406 1712 446 non
1726 394 1815 462 possis
1831 394 1883 449 do·

290 498 377 565 Quam
391 495 587 566 colomnensi
600 507 680 562 quam
702 494 810 555 decoro,
825 488 994 555 citarissimu,
1013 488 1042 541 in
1091 484 1158 540 leus.
1254 511 1257 515 Δ

254 588 381 643 deliciis?
397 584 487 654 (Cant.
503 582 553 652 ru)
571 579 632 636 Vox
646 580 749 635 Christi
772 589 824 646 cst,
842 579 929 634 tidelis
944 579 1042 634 animae
1128 575 1173 631 Sic
1185 576 1281 631 audire
1293 575 1458 631 mereberis:
1472 573 1558 640 Quam
1570 574 1682 644 pulchro
1692 591 1729 638 er.
1742 576 1895 644 etdecoral,

254 678 489 751 pulchritudinem
506 673 644 729 laudantis
657 681 685 726 et
698 671 873 727 admirantis.
890 669 969 725 Unde
985 684 1041 724 rron
1091 665 1233 721 litantem
1247 666 1454 722 etcbarissima
1475 666 1637 729 nomineris,
1665 666 1763 720 adhibe
1778 658 1895 736 aliquid'

254 772 294 825 ait
314 768 427 839 pulchra
449 782 490 828 es,
505 764 552 820 sed
566 763 746 818 admirative:
761 760 848 827 Quom
862 760 972 831 pulchra
995 758 1042 813 eal
1091 756 1164 827 quod
1178 757 1244 826 ipsis
1255 756 1405 812 virtutibus
1419 756 1508 826 rusius
1522 764 1574 824 est,
1590 756 1696 812 hocest
1707 775 1715 812 ι
1726 755 1882 811 Nolialtrlm

254 860 302 916 Est
323 868 414 914 autem
432 856 539 929 gemina
561 853 748 924 pulchritudo,
768 851 901 906 naturalis
916 860 942 905 et
956 850 1042 906 artill·
1091 849 1248 916 supere,sed
1261 848 1325 901 time
1336 846 1424 917 (ilem.
1438 848 1488 918 xa).
1500 846 1564 903 llaec
1577 857 1619 904 est
1629 848 1783 913 humilitas,
1795 849 1882 903 rirtrr·

254 951 348 1016 cialis;
372 948 530 1003 naturatisa
547 944 713 1007 conditione,
730 942 881 998 artificialis
898 955 1044 1010 acompo·
1094 948 1151 994 tum
1166 938 1268 1005 nutrix,
1285 939 1419 994 uirtutum
1433 938 1531 1009 gloria,
1544 939 1676 994 virtutum
1688 940 1756 1008 rita,
1781 954 1881 996 nomen

254 1040 363 1097 sitione.
379 1038 479 1093 Anima
501 1050 617 1107 natuque
632 1050 648 1089 a
661 1034 717 1091 lleo
731 1032 847 1104 pulchra
865 1038 907 1088 est
921 1033 1041 1098 condita,
1086 1038 1119 1085 ‘et
1131 1031 1269 1085 meritum.

253 1133 302 1189 sed
333 1132 392 1203 ipsa
421 1127 582 1199 superjectis
611 1126 664 1182 sibi
694 1124 862 1181 stercoribus
891 1123 1040 1187 uitiorum,
1126 1120 1267 1187 llacsine,
1282 1121 1668 1187 virtutesuonrirtutcsdici,
1690 1137 1742 1178 nee
1762 1124 1881 1179 virtutes

253 1233 351 1295 sponte
376 1222 477 1277 foedata
500 1227 552 1275 est.
580 1218 614 1274 tn
638 1233 704 1290 ergo
726 1216 878 1272 naturalem
900 1222 1043 1283 recuperet
1090 1212 1230 1268 numerari
1246 1212 1336 1282 dignae
1346 1221 1419 1268 suut.
1434 1210 1512 1267 lianc
1522 1227 1586 1282 ergo
1600 1227 1771 1282 quecunque
1780 1227 1821 1279 es,
1834 1212 1883 1267 de·

255 1313 509 1386 pulchritudinem,
535 1317 642 1380 oportet
668 1323 728 1363 eam
757 1307 848 1377 dignis
874 1304 1042 1376 prenitentiae
1088 1314 1153 1358 rota
1167 1303 1383 1373 anima,applica
1397 1301 1457 1371 tibi,
1469 1303 1673 1374 admiramini,
1685 1302 1755 1358 habe
1765 1302 1880 1369 seciam,

253 1407 362 1461 [lctibus
389 1413 416 1460 et
444 1403 602 1468 lructlhus,
626 1401 766 1470 conjectas
791 1397 888 1455 sordes
917 1397 1038 1453 abluere.
1089 1394 1161 1451 habe
1180 1394 1383 1459 charissimam,
1398 1403 1426 1450 et
1442 1393 1466 1450 si
1476 1392 1563 1449 tueris
1574 1395 1694 1466 puritate
1706 1394 1800 1460 cham,
1813 1395 1881 1450 cba-

253 1496 347 1551 Primo
374 1494 484 1565 quidem
507 1493 610 1564 operis,
635 1491 757 1547 secundo
786 1486 931 1555 sermonis,
959 1487 1041 1543 tertio
1090 1484 1302 1551 ritatecbarior,
1318 1484 1536 1541 erishumilitate
1546 1485 1723 1541 charissima.
1735 1484 1784 1541 Vel
1797 1495 1879 1553 certe,

254 1587 355 1643 cordis.
373 1585 482 1641 Puritas
503 1585 620 1639 actionis
640 1583 667 1637 in
689 1582 778 1637 trihus
799 1578 940 1646 consistit,
959 1587 991 1634 ut
1006 1578 1042 1634 sit
1093 1577 1157 1646 quia
1169 1576 1332 1632 humilitatis
1342 1577 1393 1631 tria
1406 1592 1505 1645 genera
1518 1585 1593 1644 sunt,
1620 1577 1734 1632 subesse
1758 1577 1882 1634 videlicet

254 1678 358 1735 scilicet
375 1678 436 1733 sinc
452 1675 607 1747 iniquitate,
623 1674 684 1730 sine
699 1673 823 1741 mollitie,
839 1671 900 1728 sine
912 1672 1042 1736 leritate;
1057 1648 1079 1703 B
1094 1668 1239 1739 superiori,
1248 1669 1318 1740 pari,
1332 1668 1467 1738 interiori,
1482 1670 1581 1725 morito
1596 1683 1658 1741 qnae
1682 1669 1787 1724 nullum
1812 1685 1881 1741 prae·

254 1771 397 1832 innocens,
413 1770 527 1836 munda,
542 1770 643 1840 gratis.
1094 1760 1219 1817 termittit
1232 1762 1358 1832 gradum,
1371 1762 1399 1818 in
1414 1762 1503 1834 primo
1516 1763 1610 1830 chara,
1632 1763 1659 1817 in
1678 1764 1798 1820 secundo
1813 1764 1880 1819 cha·

288 1861 397 1918 Puritas
410 1877 520 1932 qnoque
535 1862 672 1916 sermonis
689 1860 788 1931 triplex
804 1866 863 1927 est,
879 1867 910 1914 ut
931 1857 968 1915 sit
983 1859 1045 1915 sine
1093 1852 1160 1918 rior,
1175 1852 1203 1907 in
1219 1852 1300 1908 tertio
1312 1853 1476 1910 charissima
1494 1854 1655 1909 nominatur

216 1941 218 1946 ’
253 1952 407 2018 mendacio,
427 1952 487 2007 sine
505 1950 651 2021 iactantia,
667 1950 726 2007 sine
741 1949 915 2022 multiloquio
929 1969 936 2005 ε
948 1964 1042 2016 verus,
1128 1941 1188 1997 lam
1203 1942 1236 1998 dd
1251 1941 1364 2000 delicias
1376 1944 1521 1998 veniamus
1532 1958 1539 1997 ²
1552 1942 1728 2011 Clsstt'm’ttw,
1743 1943 1842 2015 lnquit,
1853 1946 1882 1999 lu

253 2038 375 2105 humilis,
387 2054 498 2108 parcus.
1093 2037 1207 2092 deliciis.
1221 2036 1249 2092 Si
1264 2038 1398 2095 bmtaest
1422 2040 1514 2095 anima
1533 2055 1595 2110 quae
1623 2040 1730 2097 labores
1749 2057 1879 2097 manuum

291 2131 370 2201 167
384 2130 417 2186 Et
430 2131 537 2200 puritas
548 2131 639 2187 cordis
652 2131 680 2186 in
694 2130 841 2199 tribusest,
852 2131 1044 2187 inintentione
1094 2142 1206 2183 suarum
1223 2128 1399 2184 manducabit
1419 2128 1507 2197 (Prot.
1519 2130 1596 2201 ern);
1608 2145 1669 2201 quae
1683 2140 1879 2201 paupertatem,

253 2228 340 2285 recta,
355 2234 417 2290 quae
431 2219 498 2274 nibil
520 2220 653 2274 moliatur
677 2219 821 2290 iniquum;
848 2221 876 2276 in
900 2221 1044 2277 affectione
1092 2219 1279 2288 quaeluctum,
1298 2235 1360 2291 quae
1370 2221 1587 2290 persecutionem
1598 2221 1701 2291 patitur
1714 2231 1824 2292 propter
1835 2222 1881 2290 jn·

253 2310 353 2381 rigida,
381 2326 443 2380 quae
467 2311 506 2365 nil
530 2312 646 2381 recipiat
668 2313 806 2378 otiosum,
826 2313 854 2367 in
877 2313 1043 2382 cogitatione
1094 2312 1196 2367 stitiam
1209 2311 1318 2383 (lictth.
1334 2311 1377 2377 ri;
1390 2313 1516 2383 quid'illa
1531 2329 1592 2384 quae
1601 2313 1627 2368 in
1644 2312 1750 2369 deliciis
1765 2313 1879 2380 habitat,

253 2402 367 2467 munda,
382 2416 444 2471 qnae
456 2401 496 2454 nil
511 2402 628 2470 recipiat
643 2403 795 2458 sordidum.
810 2401 850 2457 Ex
865 2404 975 2473 gemina
990 2420 1043 2475 pu·
1093 2417 1155 2473 quae
1168 2402 1276 2459 deliciis
1286 2402 1382 2469 affluit,
1397 2403 1492 2459 innixa
1507 2419 1590 2475 super
1600 2403 1846 2474 dilectumsssuuml

253 2493 345 2558 ritate,
373 2492 466 2563 operis
488 2491 594 2546 scilicet
616 2501 643 2547 ct
668 2495 815 2558 sermonis,
840 2502 931 2564 potest
946 2495 1040 2550 vocari
1128 2492 1162 2548 Et
1176 2494 1221 2549 bic
1235 2494 1337 2564 gradus
1347 2494 1452 2565 aliquot
1469 2495 1611 2551 advertere
1639 2508 1692 2552 est.
1718 2495 1768 2551 Est
1788 2496 1879 2552 anima

253 2583 368 2655 pulchra
382 2583 417 2638 ab
435 2582 605 2647 hominibus,
631 2584 713 2639 habet
734 2585 808 2641 enirn
830 2586 945 2656 gloriam
967 2586 1043 2656 apud
1093 2602 1154 2658 quae
1164 2586 1192 2642 in
1208 2587 1309 2643 sudore
1319 2587 1413 2642 vultus
1435 2586 1609 2642 suireseitur
1634 2601 1705 2658 pune
1728 2603 1791 2656 suo,
1820 2604 1880 2659 qna

251 2675 389 2740 homines,
405 2674 522 2731 sednon
538 2675 610 2744 apud
623 2673 727 2743 Denm;
744 2685 773 2730 at
791 2676 838 2731 ubi
854 2676 962 2746 puritas
976 2692 1041 2732 cor·
1093 2691 1155 2733 cum
1172 2686 1284 2747 operata
1299 2676 1384 2732 luerit
1398 2686 1499 2733 terram
1515 2693 1605 2744 suam,
1623 2693 1679 2734 non
1705 2679 1752 2734 dat
1774 2678 1879 2736 lructus

254 2766 297 2824 dis
311 2766 441 2831 adiuerit,
458 2781 512 2822 non
526 2768 561 2823 ab
576 2767 735 2825 horninibus
762 2767 863 2836 solum,
882 2769 930 2824 sed
956 2769 991 2823 ab
1007 2783 1042 2824 eo
1093 2781 1170 2834 suos,
1184 2767 1232 2822 sed
1248 2767 1343 2837 spinas
1354 2776 1382 2821 et
1395 2765 1512 2824 tribulos
1530 2767 1666 2838 germinat
1686 2767 1711 2822 ci
1728 2765 1806 2837 (Gen.
1823 2768 1877 2838 ιιι).

252 2855 299 2924 qui
314 2855 405 2912 cordis
417 2856 558 2927 inspector
572 2865 624 2923 est,
644 2872 726 2927 quam
743 2857 858 2928 pulchra
881 2858 1038 2914 vocabitur.
1083 2857 1141 2916 Est
1153 2860 1218 2915 item
1230 2875 1292 2931 quae
1304 2860 1413 2916 laetatur
1430 2874 1493 2916 cum
1505 2859 1574 2914 bene
1590 2858 1692 2925 lecerit,
1718 2869 1747 2914 et
1761 2860 1880 2915 exsultat

253 2945 307 3001 Sed
323 2947 422 3002 nativae
436 2948 567 3017 puritatis
576 2956 703 3018 reparata
716 2949 816 3018 specie,
828 2958 936 3020 oportet
954 2949 1039 3004 elium
1052 2984 1076 3046 C
1092 2948 1120 3005 in
1132 2949 1215 3006 rebus
1227 2950 1450 3020 optimis,dicens
1462 2970 1469 3005 :
1480 2949 1584 3005 Bonum
1592 2949 1669 3015 milri,
1684 2949 1805 3018 Domine,
1817 2950 1879 3021 qnia

253 3037 328 3092 omni
343 3039 396 3092 arti
406 3048 434 3094 et
445 3039 538 3095 studio
548 3041 679 3096 exhibere
691 3041 830 3107 decorem,
848 3041 876 3097 id
898 3050 941 3098 est
963 3057 1040 3098 com·
1090 3038 1241 3095 tramitteret
1255 3056 1305 3108 nte,
1318 3051 1347 3094 nt
1358 3041 1461 3095 diaeum
1480 3038 1689 3109 justificationes
1705 3046 1766 3093 tuor
1790 3034 1877 3107 (Paul.

251 3129 355 3198 paratis
364 3129 504 3185 coloribus
513 3130 656 3199 virtutum,
673 3146 807 3188 exornare
817 3133 948 3199 animam,
959 3134 1041 3205 eique
1090 3132 1195 3204 eamn).
1209 3131 1258 3188 Est
1266 3140 1294 3187 et
1308 3132 1430 3189 invenire
1440 3132 1515 3204 (raro
1529 3131 1639 3201 quidem
1653 3128 1752 3201 fatcor)
1767 3129 1813 3185 cui
1837 3128 1879 3182 ri·

250 3228 354 3274 restem
371 3218 463 3276 lacere
487 3222 647 3293 nuptialem,
673 3231 704 3278 ut
729 3224 770 3280 sic
796 3226 907 3295 placens
932 3224 1040 3295 Sponso
1089 3237 1154 3277 rere
1165 3221 1292 3278 Christus
1306 3222 1353 3287 sit,
1374 3231 1401 3277 et
1423 3222 1494 3278 mori
1521 3222 1628 3277 lucrum
1641 3220 1754 3291 (Philip.
1770 3221 1801 3290 ι),
1818 3234 1880 3292 qnae

251 3312 342 3382 specie
357 3329 406 3368 sua
419 3329 451 3368 ac
465 3313 669 3383 pulchritudine
684 3330 744 3382 sua,
772 3326 911 3372 mereami-
932 3319 1039 3386 audire,
1090 3311 1224 3382 glorietur
1234 3313 1261 3366 in
1274 3312 1508 3378 tribulationibus,
1522 3329 1583 3384 quae
1596 3313 1712 3384 gaudeat
1736 3313 1810 3383 quod
1834 3312 1879 3368 ui·

250 3400 388 3471 geminato
402 3401 491 3459 lartdis
506 3419 563 3459 sure
575 3404 727 3473 praeconio:
741 3402 827 3469 Quom
840 3406 951 3476 pulchre
961 3424 1000 3472 er,
1015 3416 1040 3461 et
1090 3417 1142 3472 gna
1155 3402 1191 3458 sit
1201 3404 1364 3473 pronomine
1380 3403 1446 3461 lesu
1477 3405 1663 3460 eonmrrreliam
1686 3405 1760 3475 peti,·
1783 3404 1879 3475 quidni

250 3506 330 3560 quam
343 3490 454 3544 decora!
467 3490 546 3546 llunc
557 3493 682 3548 decorem
694 3493 814 3549 maxime
824 3506 953 3565 operatur
973 3497 1041 3552 cha·
1090 3507 1150 3549 cam
1162 3494 1191 3549 in
1204 3495 1310 3550 deliciis
1321 3511 1393 3563 esse,
1409 3497 1464 3552 imo
1478 3507 1506 3553 et
1519 3497 1631 3553 affluere
1654 3497 1761 3554 dicam?
1784 3496 1877 3553 Prima

249 3579 327 3645 ritas,
343 3588 539 3649 quaeestamor
552 3581 579 3633 in
593 3580 888 3652 ileumctprorimum.
901 3583 929 3639 ln
941 3586 1038 3655 ileum,
1089 3585 1192 3657 quippe
1210 3586 1238 3641 in
1254 3586 1342 3658 spinis
1352 3596 1404 3655 est,
1418 3604 1480 3660 quae
1500 3589 1607 3646 laborat
1632 3590 1660 3645 in
1687 3589 1790 3660 gemitu
1816 3605 1875 3657 suo,

249 3670 402 3738 tripliciter,
415 3670 479 3741 quia
493 3670 615 3727 Trinitas
626 3680 681 3738 est;
694 3688 726 3727 es
739 3682 793 3728 toto
804 3676 892 3744 corde,
912 3688 942 3732 ut
963 3678 1039 3735 solus
1089 3680 1244 3739 lamentans
1253 3694 1283 3740 et
1297 3684 1393 3741 dicens
1408 3703 1415 3739 ε
1432 3684 1516 3740 lliser
1528 3686 1616 3755 factus
1633 3702 1692 3740 sem
1711 3697 1736 3740 et
1753 3696 1876 3741 careatur

249 3757 357 3828 placeat
370 3759 469 3813 rationi
482 3776 530 3827 με
543 3769 600 3814 tota
611 3763 711 3829 animo,
731 3772 761 3819 ut
783 3765 859 3821 solus
882 3767 971 3838 sapiat
988 3783 1034 3823 ro
1088 3788 1147 3826 snm
1162 3790 1244 3845 eaque
1258 3773 1286 3828 in
1296 3775 1387 3846 finem,
1402 3783 1459 3829 toto
1469 3776 1512 3830 die
1522 3775 1695 3830 contristatas
1708 3775 1877 3845 incrediehor

248 3848 366 3915 luntati;
381 3865 413 3903 ea
430 3858 486 3903 tote
498 3851 604 3934 uirtute,
619 3861 648 3906 ut
659 3852 735 3909 solus
749 3853 840 3910 trahat
852 3855 880 3911 in
905 3859 1037 3928 concupi·
1088 3861 1175 3933 (Paci.
1192 3864 1309 3934 aram).
1324 3865 1449 3920 Secunda
1469 3865 1550 3936 108
1561 3864 1588 3920 in
1601 3866 1671 3921 cibis
1689 3874 1741 3932 est,
1751 3881 1876 3935 quaenon

249 3941 381 3999 scentiam
395 3944 449 3998 sui.
465 3941 494 3998 ln
511 3946 667 4015 proximum
678 3947 833 4018 dupliciter,
849 3965 912 4005 curn
937 3951 1038 4023 duplex
1088 3953 1148 4009 sine
1160 3955 1339 4010 delectatione
1348 3955 1469 4011 rescitur
1483 3972 1553 4026 pane
1565 3957 1621 4022 illo,
1637 3957 1672 4012 dc
1685 3972 1740 4034 quo
1752 3971 1823 4026 parre
1837 3940 1893 4011 te?

250 4030 378 4100 superbia
387 4032 422 4086 sit
438 4049 445 4086 :
459 4034 559 4102 primo,
587 4036 738 4092 secundum
766 4039 904 4108 animam,
928 4042 1036 4111 deinde,
1088 4054 1177 4101 statur
1196 4047 1254 4114 ipse
1266 4046 1314 4116 qui
1326 4046 1393 4102 dicit
1409 4064 1416 4101 a
1434 4046 1509 4102 Merra
1521 4047 1594 4102 eidus
1606 4057 1656 4114 ert,
1668 4056 1698 4101 ut
1718 4048 1820 4117 facicm
1832 4063 1876 4101 uo-

249 4121 399 4177 secundum
414 4138 540 4190 earnem;
555 4140 618 4180 nam
630 4127 677 4197 qni
689 4127 776 4183 solam
801 4145 911 4186 caruem
931 4134 973 4189 vel
991 4150 1038 4190 so·
1088 4138 1216 4192 duritatem
1228 4137 1321 4194 Petris
1333 4140 1384 4194 mei
1396 4138 1491 4209 (loun.
1509 4140 1558 4210 rr).
1584 4139 1681 4211 Magna
1702 4154 1764 4209 quae
1780 4139 1876 4209 spinas

258 4228 303 4268 am
317 4211 436 4269 animam
450 4214 577 4287 diligunt,
590 4226 717 4274 neutrum
731 4219 859 4291 diligunt.
1088 4230 1200 4300 patitur,
1214 4230 1303 4300 major
1314 4246 1376 4302 quae
1390 4232 1511 4287 rescitur
1524 4231 1594 4287 cibis
1605 4230 1694 4286 Patris
1706 4230 1764 4291 sui:
1777 4236 1805 4284 at
1816 4244 1876 4283 om-

217 4375 222 4382 ,
283 4306 323 4362 hd
334 4317 479 4379 utramque
494 4309 632 4367 subiciunt
653 4312 699 4368 illa
721 4312 776 4370 duo
788 4323 920 4387 praccepta
937 4316 1036 4383 :Quod
1052 4313 1074 4368 D
1088 4324 1165 4377 nium
1176 4322 1308 4389 maxima,
1324 4337 1385 4394 quae
1396 4323 1504 4379 deliciis
1519 4323 1616 4390 adluit,
1634 4332 1662 4379 ct
1676 4322 1710 4377 de
1723 4321 1829 4377 deliciis
1840 4319 1874 4374 ad

248 4398 296 4452 tihi
308 4413 359 4452 non
370 4400 408 4453 ria
422 4399 748 4474 fieri,aliine1'ecrrir,ct
761 4423 768 4461 :
785 4407 851 4472 Qua
865 4407 943 4463 uultis
954 4420 983 4463 ut
996 4411 1037 4479 fc
1089 4412 1201 4469 delicias
1214 4413 1390 4482 transfertur,
1403 4424 1568 4486 cooperante
1581 4415 1668 4486 gratia
1692 4414 1787 4485 sponsi
1807 4411 1873 4468 lesu

248 4489 320 4543 ciant
332 4491 403 4546 nohis
413 4493 541 4563 nominer,
557 4505 582 4549 et
607 4512 650 4550 noa
678 4498 759 4567 facite
781 4498 835 4554 illia
860 4500 969 4571 (Metili.
984 4520 1034 4570 ru,
1087 4501 1189 4559 Christi
1202 4503 1310 4561 bomini
1324 4507 1421 4575 nostri,
1435 4506 1483 4577 qui
1498 4515 1541 4562 est
1557 4504 1717 4561 benedictus
1731 4503 1759 4558 in
1773 4502 1874 4559 secula

247 4578 313 4636 Luc.
325 4582 375 4656 tu).
391 4582 420 4639 hr
431 4584 519 4675 altero
531 4575 696 4655 innocentia,
708 4590 736 4646 in
752 4591 1032 4649 alterobcnchucntia.
1087 4597 1261 4654 saeculorum.
1279 4598 1377 4655 Amen.
