3992 6042
278 249 333 307 m
774 203 779 209 ’
925 241 1029 298 tuum
1047 241 1091 298 oe
1108 240 1247 298 insutus
1843 252 1905 308 rm

313 368 394 427 Nolle
407 361 526 427 sumitur
535 381 584 438 pro
594 382 645 422 roo
654 366 783 432 rellersed
791 363 863 436 quod
876 362 949 418 Deus
959 361 1060 417 dicitur
1072 374 1097 431 Α
1110 360 1236 426 Domine.
1259 362 1410 417 uestimento
1424 361 1492 429 irre,
1513 361 1541 418 ld
1552 373 1595 422 est
1614 363 1696 424 indue
1718 381 1762 421 rue
1776 381 1900 422 acrium.

277 461 351 523 troile
367 461 479 533 aliquid,
494 460 578 515 idest
600 473 653 513 nou
668 457 745 524 reite,
760 454 907 527 aliquando
925 453 1055 518 insinuat,
1088 479 1090 482 ·
1107 453 1213 509 Dicitur
1228 455 1358 521 ttrmum,
1381 455 1453 510 uude
1470 455 1555 511 Adam
1578 456 1679 513 dicitur
1698 465 1777 513 vetus
1796 458 1899 523 hono,

277 646 691 720 motraaiicuiustotuntateu13
706 641 776 698 unde
791 640 922 696 Dominus
932 639 964 694 ad
978 634 1058 691 loru·
1106 637 1232 693 Christus
1245 637 1296 692 tuit
1311 637 1405 694 tirmus
1419 656 1427 705 ;
1443 639 1507 708 quia
1528 655 1560 694 ex
1583 649 1715 696 vetustate
1732 640 1897 702 iulii-mitae,

277 744 361 802 talem
371 743 429 797 ait:
445 739 552 807 Quoties
564 737 634 793 uolui
644 750 809 805 concrepare,
822 742 885 798 etc,
897 740 921 786 et
935 727 1054 784 noluisti.
1087 775 1090 780 ,
1106 742 1139 783 ex
1151 729 1270 794 nouitate
1281 728 1405 784 tirmitas.
1419 727 1523 785 Dicitur
1533 730 1695 796 inauditum,
1708 732 1780 786 uude
1791 732 1820 787 in
1830 733 1896 789 het.

312 833 553 905 Numerupropric.
562 829 715 900 Aliquando
727 827 799 897 large
808 825 935 891 sumitur,
942 831 971 878 ut
982 836 1056 892 quae·
1105 818 1290 890 apostolorum
1304 818 1402 890 legitur
1415 820 1488 890 nitori
1506 820 1686 876 Athenienses
1703 821 1836 877 diuorum
1860 826 1896 877 ad

276 933 342 991 iihet
353 933 436 990 dictio
452 945 551 988 nomeu
563 928 682 993 dicatum
697 925 767 980 uude
779 931 857 994 poeta
871 938 879 975 :

381 1023 519 1096 Foliirque
535 1031 610 1076 rrotos
622 1028 647 1074 ct
660 1016 763 1072 uomlne
778 1015 900 1071 muudus.

275 1116 382 1174 Dicitur
401 1115 485 1187 gioria
500 1113 542 1168 uel
560 1111 642 1175 lama,
659 1108 731 1164 umle
751 1105 835 1161 Dauid
848 1122 855 1158 :
869 1105 979 1159 Domine
1002 1101 1056 1156 Do-

275 1210 363 1263 minus
375 1216 472 1275 noster,
484 1220 561 1278 quom
573 1198 731 1256 admirabile
739 1193 778 1253 ert
786 1213 877 1252 nomen
890 1207 963 1250 tuum
971 1193 982 1246 l
991 1192 1054 1249 ctio

275 1299 366 1357 Cant:
390 1298 483 1355 Oleum
493 1297 605 1368 effurum
623 1308 715 1347 uomere
730 1299 815 1344 tuum.
831 1287 934 1343 Dicitur
948 1300 992 1340 res
1006 1299 1055 1339 no·

274 1393 367 1459 minis,
377 1390 484 1448 undciu
500 1386 661 1458 Evangelio:
676 1383 842 1451 Quoeeurtque
855 1378 984 1449 petieritis
1000 1376 1055 1432 Pu·

276 1499 343 1543 trem
353 1488 380 1543 in
393 1486 498 1540 nomine
510 1499 577 1547 meo,
590 1489 654 1546 etc,
668 1479 748 1533 idest
762 1475 788 1530 in
804 1490 832 1528 re
843 1471 925 1542 hujus
935 1468 1055 1526 nominis

1105 911 1219 967 Paulum
1234 920 1262 967 et
1279 912 1369 968 socios
1388 912 1448 981 ejus
1464 913 1642 982 praedicantes
1656 912 1796 969 ctutsmm
1813 933 1821 968 c
1839 916 1895 980 Qui

1043 1011 1052 1032 ⁰
1104 1016 1166 1062 aaut
1182 1009 1228 1061 isti
1244 1007 1428 1077 predicatores
1442 1023 1565 1061 nouorum
1585 1006 1799 1062 demoniorum?
1814 1008 1896 1066 Dici·

1982 351 1983 418 i

276 569 308 615 ut
320 558 357 613 ita
373 556 480 626 loquar,
498 543 685 616 ueritatemct
696 550 738 605 sic
751 548 871 604 insinuat
883 545 984 616 aliquid
998 545 1055 600 lteri
1105 545 1241 601 Christus·
1256 546 1338 601 homo
1361 562 1466 614 nouus;
1488 547 1553 618 quia
1568 548 1654 604 Adam
1673 548 1725 604 luit
1742 550 1898 616 intirmus,

1105 1108 1151 1153 tur
1171 1098 1275 1154 nouiter
1288 1114 1440 1170 apparens,
1463 1099 1534 1154 uude
1553 1099 1617 1154 luua
1641 1099 1741 1155 dicitur
1765 1116 1850 1168 noua,
1864 1111 1893 1157 rt

1105 1189 1175 1259 apori
1186 1186 1296 1245 ludaeos
1313 1189 1411 1245 dicitur
1423 1177 1576 1256 neomenia,
1595 1188 1678 1245 idest
1691 1207 1757 1244 noro
1768 1189 1849 1245 lurra.

1141 1277 1221 1346 Noa,
1237 1281 1356 1351 proprie.
1373 1278 1478 1335 Dicitur
1494 1278 1576 1335 etiam
1596 1279 1703 1335 cacitas
1719 1281 1892 1346 materiatis,

1105 1374 1178 1430 uode
1191 1385 1269 1445 poeta
1285 1392 1293 1429 s

1193 1465 1335 1540 Longaque
1348 1466 1465 1520 unimam
1479 1466 1526 1520 rui
1539 1475 1614 1521 nocte
1627 1467 1741 1521 teuclot.

274 1582 364 1647 lesus,
392 1579 419 1634 id
433 1587 475 1633 cst
486 1590 535 1647 pro
548 1573 635 1631 sainte
646 1580 756 1633 aeterua,
771 1567 850 1623 lesus
863 1565 1055 1634 interpretatur
1081 1543 1085 1550 ⁴
1106 1556 1210 1614 Dicitur
1220 1558 1385 1630 ignorantia,
1398 1558 1468 1612 rurrie
1481 1556 1647 1628 Apostolus:
1663 1555 1726 1612 Noa
1740 1560 1891 1628 precessit,

274 1671 401 1727 salrator.
416 1667 520 1723 Dicitur
534 1672 663 1736 potestas,
681 1661 751 1716 unde
761 1652 921 1731 Apostolus:
940 1654 1017 1709 Dedit
1030 1653 1054 1707 ei
1105 1653 1171 1714 dier,
1186 1659 1239 1704 etc.
1253 1647 1357 1705 Dicitur
1371 1651 1472 1721 culpa,
1496 1648 1567 1705 unde
1588 1648 1672 1705 Dauid
1691 1669 1698 1703 ι
1722 1648 1830 1704 Lunata
1844 1668 1894 1722 per

275 1781 381 1831 nomen,
394 1762 423 1819 id
437 1770 479 1817 est
496 1766 655 1831 potestatem
685 1753 890 1816 uniuersorum
914 1757 941 1804 et
961 1747 1026 1803 uiihi
1044 1764 1051 1799 ε
1069 1739 1221 1811 Brinpulur
1242 1748 1328 1794 nocter
1351 1738 1447 1794 lectum
1458 1755 1554 1805 aueum,
1576 1739 1603 1794 id
1617 1748 1659 1794 est
1673 1741 1796 1810 purgabo
1816 1757 1891 1796 cort·

275 1859 347 1910 Dato
361 1861 401 1910 ert
416 1850 481 1906 milti
505 1848 590 1903 omnir
607 1852 733 1917 potestur.
765 1841 871 1895 Dicitur
892 1837 1054 1898 virtuosius
1105 1827 1245 1883 scientiam
1261 1842 1348 1881 metm
1363 1827 1528 1899 persingula
1542 1838 1663 1899 peccata.
1677 1828 1893 1888 Dicituradm.

273 1961 387 2012 trumeu,
401 1941 474 2000 uude
486 1940 587 1996 dicitur
602 1955 609 1991 :
626 1937 737 2008 Baptieo
754 1945 778 1990 te
796 1935 822 1987 iu
834 1933 936 1986 nomine
949 1929 1054 1996 Putris,
1104 1917 1181 1983 sitas,
1190 1914 1413 1973 hssdtlsspstlmo
1426 1935 1433 1971 τ
1448 1915 1482 1970 Et
1491 1917 1518 1971 lu
1527 1917 1580 1988 leue
1591 1918 1647 1989 ejus
1660 1920 1836 1975 meditabitur
1845 1925 1891 1976 die
1982 1945 1983 1996 p

272 2050 299 2096 ct
308 2037 386 2103 Filii,
396 2044 421 2092 et
431 2033 547 2105 Spiritus
555 2031 651 2097 ruucti,
662 2030 689 2084 id
699 2037 739 2084 est
751 2028 777 2082 iu
786 2024 947 2082 nominetel
960 2021 988 2077 iu
999 2021 1054 2077 rir-
1104 2024 1136 2062 ⁰⁶
1150 2016 1234 2075 Mill·
1247 2007 1273 2063 ld
1285 2016 1327 2063 ⁰⁵¹
1338 2009 1364 2062 ¹¹¹
1379 2008 1516 2079 ill⁰⁵iliris
1536 2018 1564 2064 θῑ
1584 2009 1612 2065 ἰῦ
1630 2010 1761 2067 adversis·
1782 2011 1892 2075 Dicitur
1982 2023 1983 2096 j

272 2138 341 2187 tute.
356 2127 461 2184 Dicitur
475 2122 623 2186 invocatio,
639 2120 710 2176 uncie
725 2117 842 2174 loannes
854 2117 953 2188 tegitur
966 2112 1054 2184 hapti·
1103 2105 1211 2167 ¹0¹¹¹l>¹¹⁸
1226 2107 1289 2154 ³⁰¹⁰
1300 2097 1443 2153 adveutum
1456 2097 1569 2168 Cltllssll.
1584 2100 1655 2157 unde
1669 2101 1696 2156 ln
1708 2102 1755 2157 lib·
1773 2101 1889 2174 Sapien-
1982 2129 1983 2176 f

275 2235 353 2278 „330
379 2221 407 2275 ῃ,
433 2219 544 2275 nomme
560 2214 678 2279 venun-p,
708 2213 735 2267 Μ
756 2220 798 2267 053
819 2211 846 2265 j„
872 2205 1053 2264 invocatione,
1104 2188 1168 2283 tite:
1184 2187 1251 2242 Dum
1265 2190 1379 2244 nardium
1395 2189 1530 2243 silentium
1549 2201 1662 2246 terrerem
1683 2195 1771 2248 circuio
1792 2205 1816 2248 rt
1833 2213 1891 2250 rto:
1982 2197 1983 2254 i

272 2301 378 2370 Dicitur
389 2310 487 2375 tritus,
507 2307 578 2365 uude
594 2304 698 2361 David:
717 2302 752 2358 Et
764 2304 799 2371 iu,
810 2300 913 2355 nomine
924 2308 969 2353 tuo
982 2297 1054 2352 uide·
1103 2287 1132 2325 ”¹
1149 2290 1197 2328 Μ
1219 2290 1299 2379 “llil
1323 2276 1375 2330 ''l“
1390 2287 1535 2380 titillem-
1558 2277 1662 2335 Dielltu
1682 2280 1766 2338 Vetus
1791 2282 1889 2339 'lesta-

273 2408 359 2462 timus
367 2401 465 2470 lutura,
474 2400 500 2457 id
509 2408 550 2456 est
559 2400 586 2453 iu
599 2398 669 2453 Filio
678 2395 812 2466 tuo;quia
822 2392 930 2449 nomine
939 2389 1055 2445 hahetur
1103 2374 1238 2432 mentum,
1248 2377 1324 2437 lmila
1337 2370 1411 2437 (iuml
1426 2369 1492 2424 ¹¹¹¹¹l¹
1503 2374 1697 2444 il⁰l⁸il⁴³¹iil⁰¹¹i
1712 2393 1719 2429 ²
1736 2374 1798 2429 ΝΜ
1814 2393 1890 2446 ΡΜ·

273 2483 1053 2562 notitiadere,ctperi'itiumnotihcatuscstl’atermomeu
1103 2457 1191 2512 ΜΨ·
1214 2455 1318 2514 chllul
1334 2475 1407 2562 ''¹⁰⁸¹”8
1429 2462 1596 2531 lemiffllss,
1618 2464 1690 2521 uude
1715 2464 1823 2522 Dauid:
1851 2467 1887 2523 h't

271 2588 362 2647 Patris
376 2587 476 2644 dicitur
488 2582 585 2639 Filius.
609 2580 714 2636 Dicitur
727 2576 823 2634 notitia
848 2574 897 2644 rei,
914 2574 985 2630 umie
1000 2571 1051 2627 Da·
1103 2563 1183 2619 “lllli
1201 2548 1235 2601 Μ
1253 2560 1354 2604 '¹⁰⁶th
1371 2562 1555 2621 milevim
1569 2570 1610 2609 me
1628 2571 1700 2612 tener
1716 2559 1767 2611 mei
1775 2574 1786 2622 ‚·
1802 2557 1829 2613 tu
1843 2569 1888 2613 ost

270 2682 338 2739 nid:
353 2679 406 2747 Qui
420 2685 541 2732 trumerut
554 2671 748 2728 multitudinem
759 2667 914 2733 stellarum,
928 2675 953 2721 et
967 2667 1053 2721 onmi-
1101 2638 1188 2696 ’,Μ
1197 2641 1231 2697 ⁶⁶
1240 2641 1340 2712 s{uibus
1351 2652 1431 2699 ¹¹³¹¹¹⁵
1443 2659 1514 2747 {uult
1526 2643 1738 2716 dicllfflffssfflsss
1748 2651 1885 2719 lffioessll

673 2763 725 2819 [de
740 2763 855 2834 singuli,
867 2761 990 2816 „oppam
1004 2760 1053 2814 ha,
1103 2742 1167 2788 suot
1181 2748 1224 2788 me
1237 2734 1271 2789 ad
1287 2743 1412 2790 mortem.
1428 2733 1533 2794 Dicitur
1545 2738 1601 2793 rita
1614 2753 1755 2809 presens,
1769 2742 1842 2797 unde
1855 2741 1886 2798 tn

271 2776 321 2832 tur
330 2775 368 2831 eir
379 2773 486 2827 nomino
499 2777 586 2833 rotat,
600 2765 627 2820 id
640 2780 670 2820 cs
1221 2827 1226 2838 ι

1101 2823 1247 2897 Evangelio
1262 2845 1269 2882 c
1285 2826 1360 2893 Sero,
1376 2845 1410 2882 un
1424 2829 1511 2883 medic
1521 2840 1606 2897 noete,
1621 2831 1834 2903 tripedicam,
1848 2851 1886 2888 ure

271 2869 349 2924 lucus.
361 2859 609 2924 Diciturmetitum,
623 2855 694 2910 trudo
709 2854 734 2909 iri
749 2852 911 2926 Evangelio:
923 2850 1051 2919 Gaudete,

270 2962 335 3037 quic
356 2955 570 3013 nominaverim
593 2949 692 3019 scripto
719 2956 778 3001 runt
804 2947 829 2999 in
846 2944 927 2999 celis.
946 2942 1052 2999 Dicitur

270 3059 383 3109 sanctus
404 3048 483 3120 cujus
500 3060 600 3101 nomen
624 3041 810 3112 scriptumest
838 3039 865 3094 iu
886 3039 954 3092 tihro
977 3038 1050 3104 ultre,

274 3144 347 3202 uode
358 3143 387 3198 in
398 3138 548 3213 Apostolo:
565 3134 616 3192 Sed
630 3135 708 3189 hahes
721 3149 806 3204 pauco
817 3131 924 3185 austrino
937 3131 964 3183 in
986 3128 1052 3183 Sor·

271 3239 391 3307 dirfper
405 3231 514 3290 uomina
530 3231 604 3302 ipsos
615 3226 739 3284 homiues
748 3224 895 3296 intelligere
904 3222 1049 3287 dehemus3

270 3331 333 3387 ideo
344 3340 435 3386 autem
456 3326 562 3381 nomino
579 3322 656 3393 ponit
675 3330 705 3377 ut
718 3318 842 3376 ostendat
854 3333 883 3374 se
896 3331 949 3371 nou
962 3316 1049 3371 sotum

269 3439 425 3490 numerum,
433 3421 481 3480 sed
492 3421 573 3478 etiam
585 3417 694 3472 uomina
706 3413 927 3471 scireclecturum
936 3423 1048 3465 suorum

268 3510 692 3594 quiiloysemuoritexuomiue.

305 3607 430 3671 Noreerr,
445 3603 562 3674 proprie.
575 3598 655 3654 Notat
667 3597 827 3668 approbare,
842 3596 913 3653 uude
933 3595 1049 3653 Psalmi·

267 3688 1049 3762 sturououiumuoritDominaruieruiuatorum.iiotatdit-

268 3806 383 3855 cernere,
394 3789 466 3844 unde
480 3787 513 3843 de
527 3785 582 3842 Deo
592 3783 691 3840 dicitur
705 3801 711 3838 :
724 3782 784 3854 lpse
796 3787 865 3840 uouit
878 3795 903 3840 et
916 3784 1049 3855 decipien-

268 3891 319 3936 tem
332 3890 357 3936 et
368 3895 427 3935 eum
438 3878 483 3950 qui
497 3877 636 3949 decipitur,
651 3875 676 3930 id
689 3859 867 3933 csldisccruit
881 3878 951 3933 iuter
964 3878 1047 3933 istum

267 3984 296 4030 ct
309 3973 397 4030 iilum.
410 3970 493 4028 Notat
513 3972 720 4043 protectionic,
741 3971 811 4027 ottde
826 3971 853 4025 iu
868 3969 999 4040 apostoto
1014 3971 1048 4027 de

267 4062 325 4121 Deo
338 4063 457 4120 dicitur:
472 4061 533 4133 lpse
546 4063 615 4118 norit
628 4064 672 4132 qui
687 4072 749 4118 runt
767 4063 834 4133 ejus.
858 4059 939 4116 Notat
958 4058 1048 4117 lacere

266 4170 406 4221 remesse,
417 4155 489 4210 unde
500 4133 587 4225 litiga
601 4151 662 4208 Nou
675 4155 759 4209 enim:
771 4170 810 4209 res
822 4164 895 4222 runt,
906 4153 964 4208 ideo
974 4151 1047 4208 'Dent

210 4307 211 4312 ,
266 4255 338 4305 rtorit
354 4265 410 4315 eor,
423 4248 468 4304 red
481 4248 539 4304 ideo
552 4258 614 4303 aunt
629 4248 691 4320 quio
703 4248 784 4303 norit.

302 4340 450 4406 Nororulo,
459 4340 577 4411 proprie.
591 4339 694 4396 Dicitur
703 4340 784 4394 ctiam
795 4337 1047 4395 Nabuchodonosor

266 4436 314 4507 qui
326 4435 354 4490 in
363 4432 538 4489 lsaiadicitur
546 4434 676 4489 nouacula
685 4414 786 4504 em'pta.
797 4431 1045 4488 Diciturhutichri·
1058 4432 1083 4493 D

266 4537 335 4587 stus,
348 4525 421 4582 unde
432 4525 459 4580 iu
473 4524 582 4582 Psalmo
597 4544 606 4581 ι
625 4522 701 4580 Sicut
719 4526 846 4580 nouacula
861 4533 938 4580 ueutu
957 4525 1043 4596 fecisti

265 4617 367 4673 dolum.
390 4615 495 4675 Dicitur
516 4630 607 4674 autem
632 4617 816 4674 Antichristus
838 4618 969 4692 nouacula
986 4633 1048 4688 qaam

265 4699 406 4782 promittit
420 4711 631 4779 innovationem,
647 4720 673 4766 et
685 4711 788 4777 incidit,
803 4710 844 4766 sic
862 4711 1047 4768 Antichristus

265 4803 369 4860 dolosis
387 4805 446 4860 suis
466 4803 606 4873 promittet
617 4804 811 4860 beatitudiuem
831 4803 983 4860 etoccidet.
997 4801 1046 4858 Vei

264 4896 331 4953 mati
342 4898 472 4953 dicuutur
490 4898 622 4953 novacula
641 4913 702 4968 quae
720 4896 873 4967 superfluos
889 4906 917 4952 et
936 4897 1046 4953 inutiles

263 4990 335 5063 pilus
349 4988 429 5056 radit,
443 4990 482 5045 ita
496 4989 560 5045 mali
576 4990 679 5046 sanctis
693 4990 807 5066 capillos
825 4990 943 5056 radunt,
961 4989 988 5046 iu
1003 4999 1046 5048 est

262 5080 370 5138 inutilla
381 5092 409 5138 et
421 5081 559 5154 euperllua
573 5083 691 5153 rapiunt.

301 5194 425 5263 Notum,
441 5197 559 5269 proprie.
581 5195 686 5254 Dicitur
705 5202 787 5257 etiam
805 5201 947 5267 mirabile,
972 5203 1045 5259 unde

1102 2934 1187 2972 moue.
1203 2917 1270 2985 Qum
1280 2919 1417 2990 eleganter
1429 2921 1529 2977 dicitur
1541 2937 1607 2989 uox,
1619 2925 1685 2994 quia
1700 2924 1793 2980 multis
1805 2934 1884 2983 teue-

1101 3010 1159 3068 bris
1171 3012 1332 3083 ignorantiae
1344 3026 1372 3069 ct
1383 3014 1469 3085 culpae
1483 3015 1640 3072 inuoluitur.
1656 3015 1759 3072 Dicitur
1772 3019 1838 3074 hora
1853 3020 1883 3076 iu

1064 3089 1085 3147 C
1102 3119 1155 3174 qua
1170 3103 1297 3160 Christus
1310 3106 1399 3160 ueniet
1411 3106 1444 3161 art
1458 3106 1611 3177 judicium,
1626 3125 1687 3179 qua
1698 3109 1758 3165 ideo
1772 3127 1824 3166 tros
1841 3113 1887 3168 di-

1101 3196 1182 3262 citur‚
1192 3197 1255 3265 qtria
1267 3213 1319 3268 qua
1331 3197 1398 3252 hora
1410 3209 1540 3253 uenturos
1550 3200 1585 3254 sit
1598 3200 1754 3270 ignoratum
1768 3202 1840 3256 rrrrde
1852 3201 1882 3255 in
1982 3245 1983 3250 ,

1101 3283 1270 3356 Evangelio:
1298 3284 1386 3340 llediu
1410 3295 1495 3340 autent
1517 3295 1591 3341 nocte
1608 3287 1708 3340 clamor
1723 3288 1810 3358 fertur
1826 3300 1882 3343 ert.

1101 3375 1205 3433 Dicitur
1226 3377 1316 3433 minor
1342 3380 1473 3445 tentatio,
1487 3377 1559 3434 unde
1571 3377 1654 3434 Dauid
1669 3397 1677 3434 t
1692 3378 1745 3434 Per
1757 3381 1828 3434 dicut
1841 3382 1886 3436 aot

1100 3484 1152 3525 non
1165 3480 1223 3526 uret
1239 3479 1281 3539 te,
1296 3486 1378 3542 neque
1392 3469 1456 3525 luno
1470 3479 1630 3541 pernoctem
1651 3486 1660 3525 .·
1681 3471 1733 3527 hoc
1753 3473 1885 3543 superius

1099 3562 1269 3618 dictumest.
1288 3561 1393 3617 Dicitur
1409 3562 1491 3618 etiam
1509 3563 1617 3619 utiseria
1637 3564 1788 3634 tratrporis,
1811 3567 1885 3621 uncie

1099 3652 1150 3711 loir
1165 3672 1171 3709 :
1186 3652 1297 3709 Noctem
1310 3654 1384 3708 illum
1399 3658 1549 3709 tcttelrorur
1565 3656 1641 3710 turio
1652 3657 1795 3725 possideat.
1810 3656 1883 3712 Diei-

1100 3757 1144 3804 tur
1155 3747 1289 3814 diabolus,
1306 3748 1376 3804 unde
1391 3749 1417 3802 iu
1430 3746 1498 3804 Gen.
1516 3768 1523 3804 ε
1545 3748 1699 3818 Vocaritque
1713 3749 1798 3805 lucem
1811 3750 1882 3804 dicar

1098 3848 1124 3894 et
1136 3840 1255 3895 terrclror
1270 3847 1380 3903 noctem,
1390 3839 1442 3894 hoc
1456 3839 1525 3909 solet
1536 3840 1636 3910 exponi
1646 3841 1680 3896 de
1690 3841 1822 3911 apostatis
1831 3855 1882 3895 au·

1098 3931 1176 4002 getis.
1194 3929 1298 4002 Dicitur
1308 3930 1471 4000 captivitas,
1492 3931 1563 3987 urrde
1579 3929 1665 3988 haias
1678 3949 1686 3984 ε
1700 3932 1741 3986 Ad
1763 3947 1803 3986 me
1820 3930 1882 3987 rlr·

1097 4023 1180 4075 murit
1192 4036 1224 4075 eu
1238 4018 1299 4074 Scir
1311 4035 1320 4074 .·
1333 4020 1427 4075 Custos
1440 4060 1448 4087 ,
1463 4019 1527 4092 quid
1540 4019 1573 4075 dr
1587 4021 1681 4076 tracte?
1691 4030 1797 4085 castor,
1816 4019 1891 4091 puid-

1097 4113 1129 4167 de
1140 4116 1237 4168 nocte?
1261 4113 1296 4167 ibi
1315 4112 1387 4166 euim
1409 4111 1619 4168 introducuntur
1634 4110 1744 4167 idumaei
1759 4125 1881 4180 conque·

1097 4213 1188 4260 rentes
1208 4205 1242 4260 de
1263 4220 1312 4261 sua
1332 4205 1494 4275 captivitato.
1519 4204 1623 4259 Dicitur
1647 4215 1780 4276 peccator,
1804 4205 1880 4260 uude
1982 4195 1983 4216 ¹

1097 4294 1125 4349 iu
1155 4293 1263 4350 Psalmo
1288 4314 1295 4350 :
1318 4294 1353 4349 Et
1372 4311 1425 4350 nou
1448 4305 1478 4350 ut
1506 4295 1561 4349 dier
1580 4294 1788 4360 illuminabitur,
1811 4297 1878 4367 quia

1097 4385 1244 4457 aliquando
1257 4396 1384 4457 peccator
1395 4388 1565 4443 conuertitur
1577 4387 1650 4442 sicut
1657 4377 1758 4457 justus.
1773 4385 1877 4443 Dicitur

1089 4477 1259 4547 praedicator
1275 4479 1323 4548 qui
1340 4478 1493 4532 urinorihus
1512 4475 1660 4546 predicat,
1681 4480 1752 4533 urrde
1765 4475 1850 4531 Dauid
1867 4497 1874 4532 ε

1097 4568 1160 4624 Dies
1174 4569 1227 4624 diei
1240 4579 1342 4625 eructat
1356 4568 1458 4624 aerium
1472 4578 1516 4635 ‚ct
1530 4584 1581 4623 ηοω
1594 4609 1602 4635 ,
1615 4577 1669 4625 etc.
1682 4587 1689 4635 ·,
1703 4568 1766 4639 quia
1777 4570 1875 4638 praedi·

1097 4671 1204 4718 catores
1231 4662 1336 4733 maiora
1366 4660 1517 4732 majoribus
1541 4668 1569 4716 et
1595 4659 1700 4717 miuora
1726 4659 1877 4740 urinorihus

1096 4751 1256 4822 praedicant.

1133 4840 1240 4910 Nuhes,
1256 4847 1375 4916 proprie.
1393 4844 1497 4903 Dicitur
1510 4846 1629 4902 humana
1642 4844 1745 4901 Christi
1759 4852 1874 4908 natura,
1920 4905 1926 4914 ,

1035 4963 1042 4978 a
1095 4934 1169 4991 uude
1193 4936 1301 4992 isaias:
1322 4936 1665 5009 Arceadomruperuulem
1677 4936 1777 5002 haene,
1793 4935 1877 4990 istest
1920 4937 1924 4942 ’

1091 5029 1242 5114 humanam
1256 5039 1381 5087 naturam
1401 5047 1417 5085 a
1436 5030 1569 5101 gravitate
1584 5028 1689 5100 peccati
1703 5028 1836 5092 tihcram;
1850 5035 1879 5093 et⁴

1068 5160 1072 5169 .
1096 5120 1230 5189 inpredior
1240 5119 1407 5193 Emptum,
1425 5121 1451 5177 id
1464 5130 1507 5177 est
1520 5119 1627 5177 ueniam
1641 5120 1669 5175 in
1684 5118 1815 5175 rutundum
1827 5132 1876 5188 pur

1095 5224 1262 5284 assumptam
1279 5215 1485 5271 humanitatem.
1501 5214 1605 5270 Dicitur
1618 5213 1788 5285 predicator,
1803 5210 1876 5266 uude

261 5289 395 5361 illim
409 5306 417 5344 ²
432 5287 537 5345 N⁰¹²¹l¹²²
550 5291 631 5362 lssckl
647 5290 774 5348 Dominus
792 5295 820 5349 lt!
834 5304 904 5348 ltrttt
920 5310 929 5347 ἰ
944 5294 1044 5364 lemida
1094 5303 1230 5374 Propheta
1243 5322 1251 5359 z
1264 5303 1387 5369 Quicum
1402 5306 1430 5360 lai
1441 5306 1487 5376 qui
1499 5315 1527 5361 ut
1540 5303 1620 5360 nulea
1631 5304 1741 5360 uolanti
1750 5311 1777 5359 et
1788 5299 1873 5358 aiibi:

262 5377 439 5433 circumdabit
452 5383 550 5438 uirum.
566 5381 849 5452 Diciturinnovatum,
861 5383 1020 5442 uudcloan.
1035 5405 1042 5441 ι
1094 5394 1228 5448 Mauricio
1242 5394 1354 5449 nuliius
1368 5412 1399 5451 ue
1412 5396 1516 5465 pluant.
1530 5395 1674 5468 Eleganter
1684 5395 1875 5467 predicatore·

268 5465 329 5522 Vidi
341 5469 433 5524 coelum
443 5486 536 5524 uocum
548 5483 574 5526 el
585 5483 680 5529 terrum
692 5493 787 5531 uocum
795 5493 805 5540 ,'
815 5486 843 5530 Dl
852 5476 879 5531 iu
892 5478 1042 5549 Aposlolol
1094 5496 1287 5558 comparantur
1306 5488 1426 5547 nubibus
1439 5531 1447 5556 2
1465 5489 1529 5560 quia
1545 5496 1692 5546 coruscam
1714 5485 1873 5551 miraculis,

263 5558 332 5612 Εἴθ’
347 5576 413 5616 ”⁰²⁰
425 5561 496 5632 l⁰⁶l⁰
508 5566 612 5620 umm'c.
636 5565 740 5624 Dicitur
761 5570 913 5634 1111101113,
930 5572 1001 5627 undu
1015 5571 1043 5626 itt
1093 5581 1254 5649 compluunt
1266 5581 1413 5648 doctrinis,
1428 5583 1555 5638 intonant
1567 5582 1661 5638 minis.
1678 5579 1784 5637 Dicitur
1796 5593 1875 5634 sacra

263 5645 409 5718 Evangelio
422 5668 429 5704 ε
443 5651 599 5709 llrudatum
610 5673 704 5713 nucum
716 5662 756 5740 do·
765 5661 847 5716 uotis.
863 5660 966 5720 Dicitur
978 5679 1043 5734 pur·
1094 5668 1253 5741 Scriptura,
1268 5673 1341 5728 untie
1354 5671 1438 5730 Dauid
1453 5691 1460 5727 z
1477 5665 1622 5728 Tenetroru
1635 5687 1705 5743 coru
1719 5671 1748 5725 itt
1761 5648 1875 5726 nuliius

263 5746 354 5805 ‘³²⁰¹ss
367 5753 383 5792 ²
396 5749 529 5798 1111111110
541 5746 650 5822 uuluae,
667 5753 738 5808 anre
752 5755 872 5825 tegitur:
895 5753 970 5811 Erue
984 5774 1041 5825 me,
1093 5763 1181 5831 acria,
1196 5761 1406 5822 idestohtcura
1422 5765 1643 5836 intrumentum
1658 5761 1807 5848 seripturis
1824 5775 1873 5821 ιι·
