3992 6042
207 150 260 212 139
789 215 790 219 ¹
841 144 946 204 Abnrd
966 145 1010 203 lili
1027 140 1164 201 tdstttts
1777 132 1836 193 “⁰

242 257 337 319 calcei
347 272 452 333 aeman,
466 279 500 322 ea
513 262 698 336 aduisa-pelle
713 262 888 320 traducentes
903 271 992 318 anate·
1007 264 1031 324 Α
1044 257 1232 330 visibiles,ipsi
1244 266 1327 314 tante
1336 254 1490 327 maiestatis
1503 267 1558 309 non
1570 250 1706 309 audentes
1716 248 1836 307 obviare

208 357 290 424 riam,
306 358 345 413 ita
359 356 531 417 familiariter
547 359 646 429 pedum
662 356 847 428 sequebamur
860 356 948 417 ideas.
962 366 994 410 ut
1043 353 1147 418 decori,
1164 352 1317 423 splendoris
1335 346 1454 406 hebetati
1474 345 1644 413 verberibus,
1668 343 1753 399 nimis
1772 358 1837 399 ιιιο-

208 445 238 506 ln
248 450 315 521 ipsis
326 453 441 522 pedibus
452 452 517 518 irati,
532 451 654 522 ipsisque
664 448 824 505 mirabiliter
836 447 993 504 viderentur
1045 446 1154 503 treulosi
1176 444 1209 500 ad
1234 442 1427 515 palpebrarum
1448 438 1627 496 contubernia
1658 435 1834 508 refugerant.

209 538 346 613 inscripti.
362 542 393 599 lu
413 545 514 615 quibus
535 544 581 599 vix
604 556 696 598 atera
710 538 936 607 degenerantibus
947 551 994 591 es·
1044 536 1074 593 ln
1102 535 1221 607 praelatae
1247 544 1338 590 autern
1364 532 1479 602 virginis
1502 530 1634 593 adventu,
1661 530 1741 599 quasi
1765 541 1837 586 suas

210 636 311 699 sentia,
335 635 387 691 sub
412 638 527 707 picturas
550 636 660 706 ingenio
684 633 765 688 bores
787 630 995 687 amoenabantur
1044 625 1203 683 renovando
1226 632 1351 691 naturas,
1379 622 1471 678 omnia
1499 619 1682 677 solemnizare
1704 619 1836 676 crederes

210 716 382 783 umbratiles.
1044 721 1190 775 elementa.
1217 714 1433 774 Firmamentum
1458 713 1539 785 quasi
1558 711 1617 769 suis
1638 711 1726 768 cereis
1746 711 1836 784 virgi·

288 814 346 869 iilic
361 813 450 871 forma
465 830 546 882 roste,
561 815 634 886 picta
648 812 774 876 lidellter,
1047 828 1128 868 neum
1152 811 1204 866 iter
1226 811 1396 875 illuminans,
1413 817 1443 864 ut
1455 808 1536 864 solito
1558 806 1667 877 plenius
1681 805 1837 871 radiarent,

281 907 380 962 livera
395 905 467 963 iacis
481 908 560 963 deria
574 905 735 976 paululum,
1048 905 1107 962 suis
1129 902 1274 974 imperavit
1298 899 1446 957 sideribus.
1473 897 1550 955 Unde
1568 908 1594 955 et
1608 898 1666 970 ipsa
1681 898 1728 952 lux
1741 897 1838 954 diuina

282 997 421 1067 AEquabat
435 999 545 1069 proprio
560 997 665 1053 murice
676 1011 836 1068 purpuram,
1048 1003 1153 1052 tantam
1166 1009 1260 1050 eorum
1275 991 1405 1048 admirari
1420 990 1565 1045 videbatur
1579 988 1735 1054 audaciam,
1758 987 1838 1057 quod

283 1087 474 1160 Telluremque
488 1106 539 1145 suo
554 1090 688 1160 sanguine
701 1088 828 1144 tinxerat.
1048 1089 1076 1144 in
1094 1087 1155 1159 ejus
1168 1093 1317 1156 conspectu
1340 1083 1420 1155 quasi
1442 1083 1524 1139 ninris
1539 1081 1689 1137 insolenter
1702 1081 1840 1137 auderent

266 1197 267 1201 ¹
282 1178 457 1237 Concludeus
471 1180 510 1255 (5)
526 1184 611 1239 sociis
625 1183 750 1248 boribus,
765 1180 852 1236 adluit
1049 1192 1192 1251 apparere.
1205 1176 1329 1233 Pboebus
1343 1177 1427 1232 etiam
1443 1176 1547 1231 uultum
1560 1174 1643 1230 solito
1656 1173 1785 1230 letiorem
1808 1175 1838 1230 in

282 1268 346 1328 Flos
359 1273 415 1328 illic
430 1274 558 1330 redolens
574 1284 668 1346 gratus
681 1273 825 1340 Adonidis,
1049 1286 1198 1326 occursum
1224 1269 1339 1340 virginis
1360 1268 1518 1335 ostendens,
1553 1276 1626 1323 totas
1655 1267 1698 1324 sui
1724 1266 1841 1323 luminis

282 1360 459 1433 Argentoque
475 1365 630 1421 suonobile
646 1365 745 1432 lilium,
1012 1381 1014 1383 ·
1049 1362 1205 1419 edrrndebat
1218 1360 1340 1417 divitias.
1509 1354 1511 1359 ’

283 1449 452 1509 eradicabat
465 1470 557 1525 agros,
570 1456 680 1527 imaque
694 1457 816 1512 vallium.
1086 1455 1215 1513 Sororem
1228 1457 1311 1512 etiam
1326 1471 1410 1527 quarn
1426 1454 1469 1511 sui
1485 1453 1639 1527 splendoris
1665 1453 1841 1524 depaupera-

284 1542 344 1601 lllie
357 1560 406 1600 ore
419 1546 530 1618 thymus
543 1548 682 1618 disparere
695 1550 839 1620 disputans
1050 1557 1127 1603 verat
1140 1547 1308 1602 ornamentis
1319 1547 1345 1603 ei
1360 1546 1623 1618 vestejucunditatis
1638 1546 1721 1617 288
1732 1547 1840 1603 reddita

283 1634 422 1703 cenabat,
438 1637 552 1708 reliquis
566 1637 679 1695 boribus
690 1640 816 1697 invidens
1013 1607 1038 1669 B
1051 1638 1153 1710 reginas
1167 1638 1286 1694 venienti
1301 1638 1381 1708 jubet
1392 1652 1547 1694 occurrere.
1561 1638 1840 1694 Aervultusnubiunv

284 1723 404 1782 Narcissi
423 1729 506 1784 sociis
521 1727 598 1796 dore,
612 1730 734 1798 jocantia
1051 1745 1155 1786 exuens
1183 1730 1371 1801 lacrymosos,
1402 1728 1492 1785 sereni
1521 1729 1613 1785 vultus
1637 1728 1839 1794 benevolentia,

284 1815 420 1873 Ridebant
434 1819 518 1875 tacito
534 1835 675 1876 munsture
687 1822 809 1876 llumina.
1052 1820 1182 1893 virgineis
1196 1819 1308 1875 ardebat
1322 1818 1498 1875 incessibus:
1515 1819 1562 1890 qui
1585 1817 1703 1884 primum
1728 1818 1840 1887 aquilo·

286 1906 365 1963 Vultu
381 1908 508 1980 llorigero
520 1910 571 1965 llos
583 1912 719 1981 aquileius
1052 1914 1129 1969 naris
1138 1914 1184 1969 irae
1195 1921 1309 1967 rexatus
1322 1910 1440 1976 insania,
1450 1925 1523 1966 nune
1534 1910 1560 1964 in
1569 1909 1680 1964 Favonii
1696 1907 1841 1964 favorabili

284 1997 396 2056 Florum
412 2001 552 2070 praenituit
566 2002 663 2059 luciier
676 2003 811 2069 omniurn,
1052 2007 1157 2078 gremio
1168 2002 1393 2075 conquiescebat.
1408 2002 1488 2067 Aves,
1503 2002 1581 2072 quasi
1600 2011 1704 2058 natorae
1717 2001 1840 2071 inspira-

286 2091 465 2164 Vernaiisque
479 2094 595 2166 loquens
608 2097 738 2167 temporis
752 2098 791 2154 oti
1052 2100 1145 2166 tione,
1165 2097 1272 2154 alarum
1296 2097 1360 2151 iudo
1381 2094 1520 2165 plausibili
1542 2093 1714 2164 ioculantes,
1738 2093 1841 2165 virgini

286 2183 418 2241 stellabat
431 2187 511 2243 viole
520 2187 652 2246 flosculus
664 2190 772 2259 arbuta,
1053 2189 1238 2246 venerationis
1260 2186 1359 2243 iaciens
1383 2184 1559 2242 exlribebant.
1583 2184 1666 2253 duno,
1691 2202 1752 2257 quae
1766 2185 1841 2256 jam·

285 2272 402 2332 Pictore
415 2276 500 2333 facies
511 2277 592 2347 plena
607 2277 749 2336 lareribus
768 2298 776 2337 a
1053 2283 1158 2355 pridem
1171 2280 1287 2352 joviales
1302 2289 1392 2336 tactus
1405 2275 1495 2334 iuerat
1508 2278 1665 2348 dedignata,
1682 2287 1759 2334 tanta
1783 2277 1836 2334 luit

286 2365 337 2422 liic
350 2366 449 2423 tiorum
468 2370 586 2439 speciem
598 2373 690 2428 vivere
698 2373 820 2442 jusserat
1053 2374 1189 2431 inebriata
1203 2373 1306 2440 laetitia,
1319 2380 1350 2429 ut
1364 2372 1462 2428 crebro
1476 2371 1586 2427 oculum
1600 2370 1743 2442 praeludio,
1756 2370 1842 2426 mari·

286 2458 355 2526 Qua
367 2460 465 2530 regalis
480 2468 540 2517 erat
554 2461 678 2521 chartula
693 2465 822 2529 nominis,
1053 2474 1112 2521 tum
1130 2465 1169 2520 ad
1181 2479 1313 2521 venereas
1328 2464 1456 2520 incitaret
1471 2462 1624 2518 illecebras.
1642 2461 1726 2529 blare,
1741 2461 1843 2517 tumul-

289 2547 498 2621 Scribentisque
512 2560 604 2608 tamen
618 2553 710 2609 nescia
724 2556 840 2625 pollicis.
1054 2558 1142 2614 tnosb
1156 2557 1233 2633 prius
1244 2557 1373 2614 ductibus
1386 2557 1598 2622 debacchatum,
1616 2570 1690 2611 nunc
1704 2554 1840 2625 puellaris

287 2637 336 2696 ile
347 2649 414 2697 sunt
428 2643 501 2700 veris
515 2658 592 2715 opes,
609 2653 637 2701 et
650 2661 700 2703 sua
716 2648 806 2718 pallia,
1054 2648 1188 2706 adrentus
1205 2645 1329 2703 leriando
1354 2648 1497 2714 solemnia,
1516 2646 1722 2716 tranquillitatis
1744 2660 1840 2717 pacem

288 2730 408 2789 T⁰¹¹⁰¹¹⁸
421 2736 537 2805 ⁸9005082
555 2746 583 2792 ct
595 2752 645 2792 sua
658 2738 759 2806 sidera,
786 2736 789 2739 ’
1055 2740 1208 2812 spondebat
1231 2750 1401 2811 perpetuam.
1421 2739 1505 2796 linias
1530 2753 1648 2810 namque
1671 2736 1841 2808 tempestatis

288 2820 355 2889 Quae
372 2824 478 2893 pictura
490 2826 550 2880 suis
562 2827 668 2883 artibus
682 2830 775 2896 edidit,
1055 2840 1151 2887 ventos
1165 2846 1199 2887 ne
1211 2834 1239 2887 in
1253 2840 1401 2902 conspeetu
1412 2832 1526 2902 uirginis
1539 2830 1656 2901 amplius
1668 2830 1758 2886 civlia
1770 2828 1840 2883 bella

290 2912 386 2970 Flores
399 2915 524 2986 elligians
538 2927 598 2975 arte
612 2906 771 2991 sophistica.
1018 2946 1039 3007 c
1056 2931 1201 2977 moverent
1216 2921 1244 2975 in
1263 2920 1322 2976 suis
1343 2921 1492 2976 vinculavit
1514 2920 1671 2991 ergastulis.
1701 2917 1794 2973 Pisces
1813 2917 1840 2972 in

288 3003 339 3062 ttts
352 3006 451 3064 dorum
466 3011 567 3066 tunicis
579 3023 656 3081 prata
670 3013 820 3071 virentibus
1055 3029 1190 3085 aquarum
1200 3013 1355 3085 superciliis
1365 3021 1517 3078 enatantes,
1534 3010 1708 3081 inquantum
1724 3024 1841 3064 sensua-

288 3097 370 3156 Veris
384 3101 510 3157 nobilitat
524 3104 611 3174 gratia
628 3106 745 3178 prodigi.
1055 3110 1141 3166 litatis
1155 3110 1312 3180 patiebatur
1330 3108 1440 3171 inertia,
1458 3106 1578 3179 quadam
1604 3104 1759 3159 festivitatis
1772 3104 1842 3157 bila·

287 3190 351 3248 llaec
366 3192 478 3265 byssum
497 3196 632 3264 tribuunt,
648 3197 748 3269 illaque
762 3215 927 3271 purpuram
1056 3198 1147 3270 ritate,
1160 3217 1217 3258 suae
1239 3201 1358 3257 dominae
1382 3201 1518 3255 ornabant
1538 3197 1696 3254 adventum.
1723 3195 1839 3259 Thetis,

287 3282 355 3351 0¹¹ae
367 3285 433 3340 texit
450 3286 559 3356 sapiens
569 3288 663 3343 dextra
678 3289 790 3346 latonii.
1056 3296 1137 3353 etiam
1151 3294 1262 3365 nuptias
1277 3306 1361 3364 agens
1375 3307 1437 3348 cunr
1454 3289 1552 3356 Nereo,
1565 3288 1698 3345 debillem
1724 3287 1840 3342 alterum

332 3374 372 3431 De
385 3392 477 3443 curru,
492 3380 587 3449 euripo
602 3388 628 3434 ct
646 3382 775 3436 cornitotu
789 3394 895 3442 astures
1055 3386 1201 3456 concipere
1211 3384 1375 3441 destinabat.

253 3461 318 3523 iles
331 3468 461 3522 ¹vestium
486 3479 646 3524 ornamenta
672 3472 800 3539 quamvis
827 3474 917 3544 plenis
947 3493 1006 3534 suae
1090 3477 1268 3533 Puellaevero
1281 3490 1416 3546 aquarum
1430 3472 1671 3546 pvrlcbritudonon
1689 3470 1779 3527 solunt
1793 3469 1842 3525 bo-

218 3556 419 3626 splendieitatis
452 3558 625 3614 flammarent
651 3560 815 3631 ardoribus,
846 3570 1005 3626 carumdem
1055 3567 1178 3624 minibus
1201 3582 1281 3624 suana
1308 3565 1448 3622 iuraretur
1471 3566 1617 3631 rationem,
1638 3577 1732 3619 verum
1758 3563 1840 3617 etiam

219 3656 311 3703 ‘lmen
324 3646 453 3717 splendor
467 3649 519 3704 ⁸²¹¹)
533 3650 665 3719 puellaris
678 3654 833 3725 splendoris
846 3657 937 3714 sidere
954 3675 1005 3729 pa·
1055 3661 1182 3718 coelestes
1194 3675 1252 3716 suae
1266 3658 1377 3715 deitatis
1392 3667 1502 3730 cogeret
1516 3656 1651 3718 oblivisci,
1666 3655 1734 3711 iocis
1747 3653 1842 3709 duvia·

218 3740 338 3798 tiebatur
352 3740 521 3812 eclipsimln
530 3744 655 3803 lateritiis
667 3763 733 3804 vero
747 3748 846 3807 tabulis
861 3752 1005 3809 arundinei
1055 3753 1128 3809 libus
1140 3760 1321 3823 emergentes,
1337 3750 1416 3821 quasi
1433 3748 1583 3806 tributariae
1595 3747 1695 3817 reginae
1709 3745 1839 3814 venienti,

218 3831 283 3904 styli
297 3832 461 3901 ministerio,
478 3834 555 3909 virgo
571 3839 661 3897 varias
685 3856 776 3897 rerum
796 3842 944 3913 picturales
957 3860 1005 3903 so·
1055 3842 1229 3916 pigmentarii
1260 3841 1380 3897 nectaris
1417 3840 1619 3911 presentabant
1648 3837 1839 3904 munuscuia;

218 3923 310 3981 tiabat
323 3924 474 3998 imagines3
489 3928 596 3998 pistura
610 3939 700 3988 tamen
714 3932 868 4004 subjacenti
884 3937 1006 3994 materiae
1056 3935 1157 4008 quibus
1171 3931 1361 3989 lavorabiliter
1376 3930 1513 4002 susceptis
1528 3943 1544 3985 a
1557 3928 1674 4001 virgine,
1686 3926 1747 3997 jugi
1765 3942 1841 3983 corn-

219 4015 394 4074 iamiliariter
407 4035 461 4074 non
485 4021 639 4089 cohaerens,
664 4024 794 4082 velociter
815 4029 1005 4085 evanescendo
1055 4022 1186 4094 plexuum
1211 4022 1369 4087 innexione,
1389 4021 1539 4090 crebraque
1561 4018 1721 4090 repetitione
1742 4014 1839 4082 osculi,

217 4110 353 4178 moriens,
368 4110 442 4168 uuila
454 4112 606 4184 imaginum
619 4123 681 4184 post
695 4130 724 4171 se
736 4116 907 4187 relinquebat
919 4119 1004 4175 resti·
1055 4116 1135 4187 virgo
1147 4113 1300 4186 virginibus
1315 4128 1396 4170 suurn
1419 4111 1565 4167 intimabat
1586 4124 1719 4164 amorem.
1744 4106 1839 4174 Terra,

218 4201 274 4272 gia.
287 4200 362 4269 Quas
373 4217 435 4259 eum
449 4219 520 4275 sepe
531 4205 690 4262 suscitando
703 4208 792 4278 puella
805 4208 902 4266 crebro
914 4211 1005 4266 virere
1054 4202 1220 4276 iampridem
1234 4203 1332 4261 biemis
1351 4202 1495 4259 latrocinio
1518 4202 1576 4257 suis
1600 4199 1772 4256 ornamentis
1794 4199 1842 4253 de·

217 4291 347 4360 iaciebat,
366 4301 457 4351 umen
482 4294 510 4351 in
535 4297 679 4369 scripture
702 4300 854 4370 proposito,
869 4301 1005 4374 imagines
1020 4277 1043 4333 ⁰
1057 4297 1170 4364 nudata,
1196 4310 1212 4351 a
1235 4294 1307 4353 veris
1327 4295 1539 4368 prodigalitate,
1567 4294 1715 4366 spirantem
1742 4293 1840 4347 dorum

216 4396 394 4456 perseverare
409 4402 465 4443 nou
480 4397 615 4458 poterant.
1056 4388 1178 4444 tunicam
1193 4386 1345 4458 usurpavit,
1370 4402 1406 4442 ne
1426 4386 1551 4443 vestibus
1566 4384 1698 4456 pannosis
1716 4382 1838 4454 ingloria,

255 4473 338 4546 Virgo
352 4475 437 4550 igitur
450 4486 481 4534 ut
494 4480 705 4549 praetaxavimus
719 4497 735 4537 a
753 4484 873 4541 coelestia
885 4486 1005 4557 regionis
1055 4479 1264 4538 adolescentule
1287 4480 1409 4551 aspectui
1422 4478 1577 4536 indecenter
1591 4483 1772 4547 compareret.
1786 4472 1840 4529 Ver

216 4562 361 4642 emergens
376 4571 508 4639 condnio,
532 4574 560 4629 in
582 4575 677 4630 mundi
693 4577 831 4647 passibilis
851 4579 1002 4649 tugurium,
1055 4570 1137 4628 etiam
1148 4570 1229 4642 quasi
1244 4569 1343 4627 artilex
1358 4571 1463 4642 peritus
1476 4569 1504 4624 in
1518 4578 1577 4624 arte
1598 4570 1726 4634 textoria,
1741 4573 1771 4621 ut
1785 4566 1840 4621 vir·

217 4676 301 4719 curru
318 4662 405 4720 vitreo
421 4663 571 4733 serebatur,
587 4666 636 4737 qni
652 4664 769 4724 lunonis
788 4670 909 4738 alitibus,
933 4670 996 4726 nul.
1055 4662 1127 4736 ginis
1144 4662 1321 4733 applauderet
1343 4660 1515 4728 incessibus,
1539 4660 1704 4717 vestimenta
1732 4657 1840 4713 texebat

218 4754 273 4810 lius
285 4754 342 4825 lugi
356 4754 508 4813 ministerio
519 4757 711 4828 disciplinatis,
725 4760 772 4817 sed
786 4760 838 4818 sibi
852 4771 1001 4834 spontanea
1057 4756 1213 4825 arboribus,
1227 4771 1290 4828 quae
1301 4755 1469 4813 demissione
1482 4769 1635 4822 comarum,
1653 4752 1707 4807 sub
1721 4750 1838 4822 quadarn

217 4845 359 4903 noluntate
371 4844 539 4917 conjunctis,
554 4848 735 4917 trahebatur;
755 4851 839 4907 bonno
862 4867 928 4909 vcro
947 4854 1004 4909 rir-
1057 4849 1225 4908 adorationis
1244 4848 1345 4920 specie,
1366 4847 1445 4919 quasi
1463 4845 1598 4902 ilcetendo
1614 4858 1713 4917 genua,
1727 4842 1838 4913 virgun-

218 4936 291 5009 ginis
301 4937 385 5009 capiti
398 4938 616 5009 supereminens,
640 4940 720 5011 eujus
734 4941 826 4998 vultus
847 4958 902 5000 nou
918 4951 1002 5001 terre·
1056 4942 1125 5000 sulae
1139 4939 1340 5011 supplicabant.
1353 4938 1375 4993 li
1388 4938 1488 5010 quibus
1502 4953 1620 5010 egressae
1640 4935 1771 5005 virgines,
1784 4948 1840 4990 sua

217 5028 324 5097 nitatis,
334 5028 481 5100 ssdpotivts
493 5028 602 5086 deitatis
613 5030 753 5089 redolebat
765 5048 907 5102 arcanum;
918 5034 1003 5105 impo-
1057 5033 1271 5106 pulebritudinis
1284 5032 1329 5089 dis
1342 5031 1493 5088 materialis
1514 5030 1568 5086 diei
1583 5029 1781 5100 locupletantes
1797 5026 1838 5082 di·

217 5119 335 5177 tentiam
365 5136 449 5178 sexus
471 5121 623 5193 supplendo
641 5120 760 5192 lemine,
778 5125 902 5182 modesto
914 5125 1004 5181 direc-
1056 5126 1149 5193 vitias,
1172 5141 1207 5181 ex
1220 5123 1450 5180 antonomasticis
1468 5123 1617 5178 barbarum
1632 5119 1758 5177 coniecta
1778 5131 1839 5188 spe-

218 5210 303 5269 tionis
316 5212 424 5278 ordine,
440 5229 539 5270 currus
552 5214 696 5287 aurigabat
706 5215 854 5274 incessum.
868 5215 910 5272 Ad
925 5218 1004 5287 euius
1056 5218 1162 5286 clebus,
1175 5217 1203 5273 in
1219 5216 1340 5274 cedrinis
1354 5214 1475 5272 vasculis
1489 5213 1613 5270 terebant
1629 5219 1764 5278 aromata,
1779 5224 1839 5280 que
1872 5258 1875 5263 .

218 5303 458 5376 mutemplandam
490 5305 725 5377 pulchritudinem
751 5307 910 5378 dignitatis,
938 5308 1004 5363 dum
1058 5317 1189 5379 tanquam
1204 5306 1406 5365 suosredditus
1428 5306 1555 5378 puellule
1568 5301 1759 5378 persolvendo,
1779 5300 1838 5372 ejus

219 5399 351 5466 tanquam
367 5398 534 5470 manipulos,
556 5400 699 5457 oculorum
718 5399 810 5457 radios
832 5401 1004 5471 cranlegarcm
1058 5400 1182 5459 savorem
1196 5402 1256 5460 suis
1276 5401 1405 5462 emebant
1432 5400 1605 5458 muneribus.
1619 5395 1712 5469 Nape.
1727 5393 1838 5450 fillium

852 5490 970 5551 lllllllAE
988 5492 1188 5555 attribues

255 5571 267 5608 ⁸
284 5574 440 5633 Colludcns.
