3992 6042
263 68 312 176 'dd
894 102 1035 161 ALANUS
1055 103 1098 159 DE
1117 102 1263 161 tristius,
1869 99 1902 155 il

310 231 349 287 lle
364 228 505 295 Doctrina,
526 238 553 283 et
572 225 682 296 seriptis
696 222 823 280 doctoris
839 222 931 287 illarii,
946 223 1060 292 amplio·
1075 236 1097 293 p
1113 222 1234 287 tiorem,
1259 219 1398 290 adiunctis
1421 217 1592 275 breuioribus
1615 218 1755 290 opusculis
1776 219 1902 274 diverso·

273 339 332 380 rem
353 322 513 379 desiderans
537 319 686 382 Notitiam,
711 316 839 372 consulat
860 314 1058 370 Biblinllieeaiii
1113 329 1174 367 rmn
1198 322 1320 367 veterum
1345 310 1458 365 Petrum
1477 308 1589 367 Ordinis
1613 310 1820 376 distercicnsis,
1843 319 1901 363 tam

275 416 446 486 Scriptorum
468 410 580 467 Ordinis
601 408 804 470 cisterciensis,
821 421 903 476 airam
919 420 991 459 anno
1008 403 1060 458 llo·
1114 404 1175 458 rita
1196 402 1387 469 saiictlmonia,
1407 417 1489 473 quani
1511 401 1667 457 eruditione
1685 401 1834 457 illustrium
1849 399 1901 473 (l).

273 509 342 564 mini
373 507 443 562 iuis
468 504 656 575 vulgavimus,
688 500 767 570 cujus
794 514 867 553 nune
890 496 1059 551 adornamus
1532 491 1563 547 F,
1585 492 1616 548 c,
1639 492 1671 550 ι),
1695 492 1725 548 v,
1745 491 1776 547 Ρ,
1797 491 1830 548 1),

271 600 419 655 editionem
434 594 456 650 ll
475 595 568 666 priore
587 593 667 663 longe
681 587 885 651 correctiorem,
898 594 925 641 ct
939 585 1060 655 loeuple-

312 736 362 806 (θ’)
378 732 444 787 Vide
456 746 539 800 supra
560 720 905 806 dissertationemlludiiii,
939 720 967 802 ni
982 720 1063 802 quid·
1116 714 1227 802 distare,
1241 717 1274 771 de
1287 730 1360 771 noro
1373 716 1507 782 exaravit,
1525 718 1552 771 iii
1567 731 1646 771 usum
1659 732 1740 773 sunm
1755 715 1900 772 convertit.

272 808 339 879 quid
360 803 487 859 iiscliius
507 801 540 855 dc
555 799 610 853 rita
624 807 652 852 et
664 796 780 864 Scriptis
793 792 872 845 aiam
886 806 914 845 ιιι
954 789 1058 845 ibliotli.
1114 788 1194 842 horr.

273 929 1904 967 W

452 1075 651 1137 EPISTOLA
672 1067 969 1140 PElllLLUSTlllS,
991 1062 1330 1125 REl'ERENDlSSllll
1351 1064 1402 1122 ET
1425 1062 1561 1124 Exluii
1584 1061 1731 1125 adsilui

880 1217 918 1277 D.
943 1213 1105 1276 CLAUDII
1126 1213 1295 1276 ifnussru

268 1426 294 1437 ,,.
340 1365 373 1427 S.
391 1362 564 1442 theologica
583 1361 738 1435 doctoris,
754 1360 879 1424 abbatis
896 1355 1046 1422 Cistcrcii
1062 1362 1092 1417 et
1107 1354 1254 1446 universi
1270 1354 1397 1417 ordinis
1419 1354 1646 1417 cisterciensis
1666 1355 1828 1433 generalis

1029 1452 1167 1513 nprcmi.

273 1589 332 1660 Qua
346 1599 409 1662 post
425 1587 652 1660 approbationem
667 1583 838 1641 Bibliotltcco·
850 1581 1014 1654 Scriptorum
1028 1578 1296 1661 sacricistercionsis
1308 1578 1419 1660 ordinis,
1434 1595 1507 1634 anno
1524 1579 1592 1634 iulii
1603 1582 1756 1651 publicata,
1778 1582 1900 1651 eiusdem

308 1672 448 1717 auctorem
462 1663 587 1715 liortatiir
598 1658 633 1712 sd
646 1658 764 1712 aliorum
781 1670 898 1725 opcrnni
916 1668 1031 1710 suorum
1044 1651 1202 1715 editionem,
1218 1650 1373 1718 specialiter·
1386 1661 1477 1706 autem
1493 1651 1527 1706 ad
1544 1654 1758 1722 recognitionem
1782 1656 1901 1724 Operum

307 1732 338 1786 B.
351 1732 440 1798 dlaiii,
455 1729 647 1786 cisterciensis
660 1728 796 1784 conversi.

273 2018 429 2082 Reuerendo,
449 2024 473 2069 et
498 2013 572 2069 nobis
595 2013 622 2067 t'it
638 2009 743 2066 cbristo
767 2007 897 2078 confratri
915 2008 1081 2131 ιΙιιιΒίιῑιιιοξ
1101 2006 1215 2089 Ιιοιιιὶιιιι
1237 2007 1348 2091 Canopo
1374 2021 1501 2077 assises,
1525 2026 1611 2067 aenou
1630 2017 1790 2070 monasterii
1814 2020 1900 2075 nostri

988 2094 1095 2132 arnissis
1110 2093 1204 2146 priori.

482 2179 631 2234 Reuerende
645 2178 672 2230 in
687 2175 795 2232 Christo
810 2174 909 2241 Pater,

307 2275 385 2341 Quod
396 2275 468 2328 sacri
482 2273 665 2328 cisterciensis
681 2270 784 2326 ordinis
802 2271 888 2325 nostri
908 2271 1051 2340 scriptores
1066 2270 1229 2339 jamdudum
1252 2271 1279 2325 in
1295 2274 1409 2327 tenebris
1423 2275 1604 2330 delitescentes
1621 2292 1691 2333 nuria
1704 2295 1720 2332 a
1735 2271 1846 2333 loi‘ebris
1865 2280 1900 2334 ad

272 2372 368 2438 lucem,
381 2381 405 2425 et
421 2369 498 2440 quusi
514 2386 530 2423 a
545 2369 648 2422 tumulo
663 2368 698 2422 ad
714 2370 796 2422 vitani
810 2365 918 2421 redint'id
938 2366 1059 2433 redeant,
1077 2368 1130 2420 tuis
1151 2367 1287 2422 laboribus
1305 2378 1330 2424 ct
1347 2372 1577 2428 lucubrationibus
1591 2383 1726 2444 accepturu
1743 2375 1901 2443 reserinius,·

271 2482 352 2537 capue
366 2464 510 2536 probiorem
527 2464 651 2520 babemus
673 2463 814 2517 uoluminis
835 2462 874 2515 tui
888 2462 1041 2529 editionem,
1056 2479 1107 2532 qiio
1127 2464 1225 2533 mojori
1243 2464 1365 2534 praedicti
1384 2468 1469 2520 nostri
1488 2469 1589 2522 ordinis
1607 2477 1760 2523 ornamento
1772 2477 1797 2522 et
1813 2469 1902 2538 splen·

271 2561 332 2616 dori
354 2576 488 2615 cessuram
506 2577 561 2616 csse
583 2560 759 2630 confidimus;
779 2559 826 2613 tibi
843 2568 981 2628 propterea
1000 2569 1091 2614 nostro
1107 2564 1242 2632 nostrique
1261 2562 1363 2616 ordinis
1383 2564 1486 2617 nomine
1500 2565 1678 2634 pratalnmur,
1696 2575 1723 2620 et
1745 2565 1840 2636 dipnos
1858 2582 1902 2621 rc·

270 2658 409 2728 pendimus
425 2666 529 2729 praten
545 2665 619 2726 tcpae
633 2655 785 2721 liortamur,
801 2664 901 2726 querito
915 2671 1056 2725 passumus
1071 2657 1167 2726 affectu
1185 2668 1306 2727 paterno,
1324 2669 1353 2714 ut
1369 2660 1471 2729 incepta
1491 2677 1549 2730 quae
1564 2670 1663 2716 restant
1679 2662 1729 2716 tilii
1743 2680 1823 2733 opera
1841 2681 1902 2735 per·

271 2752 349 2821 piccre
367 2762 477 2822 satanas
496 2750 531 2804 ad
553 2750 680 2820 majorem
695 2749 745 2804 Diri
764 2749 888 2821 plocium,
910 2766 987 2821 quem
1008 2768 1183 2822 apprecamur
1197 2763 1225 2809 ut
1240 2755 1343 2809 labores
1365 2764 1422 2810 tuas
1441 2756 1665 2813 benedictionibus
1688 2763 1743 2815 suis
1765 2763 1902 2816 cumulare

271 2847 414 2918 dipiietnr;
431 2849 455 2902 ri
467 2862 526 2919 auce
538 2855 626 2899 nutem
639 2861 719 2915 opera
734 2844 769 2901 B.
781 2845 863 2901 Alani
879 2847 975 2914 nostri,
991 2846 1175 2903 cisterciensis
1191 2852 1318 2918 conuersi,
1332 2859 1428 2921 praeter
1441 2868 1472 2905 ea
1489 2869 1548 2923 price
1562 2869 1617 2922 prae
1629 2854 1752 2909 manibus
1769 2855 1859 2922 liabeo,
1872 2858 1902 2910 i'n

271 2953 364 3000 nostra
383 2943 552 3000 cisterciensi
568 2937 728 2999 dictionum
749 2944 862 2998 inueniri
885 2954 1009 3015 poterunt
1029 2949 1223 3017 manuscripta,
1243 2950 1277 3002 od
1294 2960 1318 3004 tc
1343 2950 1494 3004 curabimus
1511 2955 1669 3020 transmitti,
1684 2961 1713 3006 ut
1734 2953 1808 3022 prelo
1823 2969 1900 3006 ninii-

271 3041 377 3097 dentur.
393 3039 534 3106 Craterum,
549 3048 636 3094 macte
653 3042 753 3107 animo,
769 3041 908 3095 reverende
926 3040 1060 3110 Pater,et
1076 3045 1244 3113 praecepisti
1268 3045 1324 3098 zelo
1343 3061 1420 3116 perpe
1437 3045 1587 3100 allaborare
1598 3047 1685 3102 ordini
1705 3057 1805 3113 nostro,
1823 3064 1900 3117 pueri

272 3145 401 3195 teterrimas
418 3137 567 3192 deuinctum
579 3137 703 3205 liobebia‚·
722 3154 770 3192 nor
782 3155 841 3193 ocra
858 3138 909 3194 tibi
922 3139 1084 3195 inseruiendi
1098 3142 1262 3195 occasionem
1276 3143 1427 3211 praestolati
1443 3141 1526 3196 Deum
1545 3152 1733 3212 praepotentem
1746 3160 1898 3208 exoramus,

270 3243 301 3290 ul
325 3235 374 3291 tibi
394 3235 545 3304 pretiorum
562 3249 672 3288 sicarum
687 3233 823 3289 cumulum
843 3242 971 3289 aeteruum
988 3251 1037 3305 pro
1060 3236 1178 3289 mercede
1201 3246 1227 3290 et
1245 3237 1367 3291 laborum
1390 3246 1496 3293 tuorum
1514 3256 1629 3310 conpruo
1644 3242 1754 3309 praemio
1770 3242 1899 3310 conferat,

266 3344 369 3405 nosque
384 3332 436 3388 tuis
451 3331 552 3387 deuotis
562 3331 686 3402 precibus
699 3340 754 3385 toto
769 3332 854 3385 animi
867 3331 965 3401 affectu
977 3331 1204 3388 commendamus.

307 3426 431 3485 cistercii
443 3426 487 3481 die
502 3443 541 3482 xii
561 3428 657 3482 niensis
669 3426 765 3482 Martii
777 3426 857 3484 1650.

412 3522 569 3579 Reuerendo
583 3523 754 3594 paternitatis
770 3533 863 3580 uestrae

1121 3622 1156 3677 dn
1178 3622 1285 3679 Cirrista
1300 3625 1474 3681 clarissimus
1496 3635 1520 3681 et
1545 3626 1746 3681 addictissimus
1766 3622 1900 3691 ratisrater

1164 3717 1302 3775 Ceionius
1314 3725 1395 3775 obbas
1412 3719 1595 3794 cisterciensis
1617 3721 1757 3793 pecoralis.

276 3879 1895 3917 ”mn-...m

942 4064 1232 4157 CENSURA.

310 4381 376 4455 Legi
387 4395 514 4444 amirato
524 4395 552 4444 et
561 4402 624 4444 cum
637 4403 738 4462 niagno
750 4389 833 4446 animi
852 4391 907 4449 inei
918 4405 1002 4448 sensu
1016 4406 1100 4462 opera
1114 4392 1173 4450 liaec
1186 4392 1312 4458 moralia,
1335 4393 1499 4465 paraenetica
1522 4402 1550 4449 et
1563 4393 1697 4465 polemici
1710 4390 1789 4446 illarii
1808 4388 1899 4459 Magni

275 4453 309 4508 de
325 4451 424 4512 insulis
442 4456 524 4528 uulgo
537 4460 698 4584 nuncupati,
715 4472 742 4515 et
754 4462 819 4544 quia
834 4463 914 4532 plena
925 4472 990 4518 sunt
1006 4461 1148 4544 §athalico
1160 4473 1188 4546 et
1208 4465 1438 4547 eruditapisiate,
1452 4464 1555 4520 utiliter
1570 4462 1691 4534 imprimi
1706 4469 1844 4533 poterunt.
1861 4458 1899 4514 lta

275 4535 383 4581 censeo
397 4523 497 4583 [latum
509 4524 607 4598 Brugis
639 4544 665 4585 ie
678 4543 717 4585 iiii
730 4531 842 4602 Aprilis,
862 4546 936 4587 anuo
947 4532 1057 4586 Domini
1072 4549 1128 4601 xiii,
1142 4548 1369 4605 quinquagesima
1383 4535 1514 4592 secundo.

1102 4642 1223 4702 loannes
1239 4646 1362 4716 Baptista
1373 4645 1486 4701 Vandcn
1503 4643 1584 4708 ere,

989 4734 1142 4790 Canariiciis
1156 4736 1229 4792 dccl.
1245 4736 1372 4794 carum.
1389 4737 1419 4794 S.
1432 4738 1533 4804 Donat,
1547 4735 1631 4806 Brnp.
1645 4731 1678 4789 L.
1694 4733 1726 4787 t'.

783 5043 1082 5136 raduariis
1118 5043 1394 5138 ORDlNlS.

309 5353 367 5412 llos
380 5356 427 5413 Er.
443 5355 600 5416 Bernardiis
618 5359 680 5418 Bott
720 5365 903 5430 ,monasterii
918 5362 1009 5422 Beatae
1021 5365 1115 5422 ilariae
1127 5367 1162 5424 de
1173 5365 1259 5422 liniris
1272 5363 1382 5423 Ordinis
1396 5365 1588 5424 cislerciensis
1607 5366 1633 5422 iii
1652 5364 1767 5420 Dioecesi
1783 5373 1810 5419 et
1829 5361 1902 5419 Urlie

275 5419 411 5494 Brugensi
424 5426 521 5493 abbas,
539 5427 664 5499 ejusdem
703 5433 792 5489 rdinis
806 5448 856 5504 per
867 5433 990 5505 Belgium
999 5435 1127 5494 Viearius
1145 5448 1173 5492 et
1186 5436 1322 5491 visitator
1337 5439 1491 5507 generalis,
1508 5448 1603 5494 tenore
1623 5436 1799 5507 praesentium
1814 5433 1903 5488 iacul-

276 5499 359 5550 tatem
371 5496 470 5556 damus
482 5506 513 5555 ut
524 5514 607 5571 opera
618 5502 792 5571 paraenetica,
806 5504 941 5574 polemica
953 5515 981 5564 et
994 5508 1110 5566 moralia
1124 5508 1205 5566 Alani
1216 5504 1307 5580 Magni
1326 5508 1360 5565 dc
1375 5506 1486 5576 insulis,
1501 5508 1640 5565 indelessa
1660 5505 1788 5563 studiosi
1810 5504 1904 5560 labore
