3992 6042
165 201 217 260 tel
559 205 823 264 otsttriemoses
842 205 1034 265 ulcltotitlll
1054 208 1179 267 THEOL.
1199 240 1235 249 -
1254 209 1413 267 ileo-tlon
1741 212 1795 270 DDD

167 317 316 386 liuditum,
334 326 359 373 rt
379 316 559 375 nonridelitis
579 338 630 377 rne.
650 321 788 378 Modicum
807 324 1076 391 lrtle,uadeA1uo:
1095 322 1197 378 llolliti
1208 333 1271 379 sant
1292 339 1435 380 marones.
1449 320 1531 380 Notat
1550 321 1710 391 demulcere,
1723 326 1794 379 uude

164 410 193 465 iu
208 408 373 482 Evangelio:
390 411 503 468 liodicce
513 413 586 483 fidei,
600 431 681 484 parare
695 415 845 471 dubitasti?
1008 416 1137 474 Salomon
1153 436 1160 473 z
1175 414 1208 473 Ut
1221 418 1326 473 eruaris
1338 434 1355 471 a
1366 416 1475 472 muliere
1488 427 1627 485 extranea,
1637 431 1696 488 pute
1710 417 1794 472 mollit

203 500 310 556 llodisrs
323 504 441 572 proprie.
460 504 564 561 Dicitur
574 506 657 562 etiam
679 507 722 562 lex
737 506 868 576 Moesica,
884 509 955 565 unde
1006 527 1141 566 serrrrones
1155 526 1227 576 snos,
1241 509 1268 564 id
1290 516 1333 564 εει
1353 510 1527 566 sermonibus
1551 509 1695 566 demulcet.
1713 505 1796 564 Notat

164 590 193 645 ιιι
209 590 354 664 Evangelio
370 610 378 648 ε
394 592 479 650 Nema
493 596 628 652 incernam
642 599 760 652 accendit
771 608 797 654 et
810 601 886 669 pauit
897 617 955 655 eam
1007 603 1125 665 tardare,
1154 599 1227 656 unde
1246 598 1345 670 legitur
1366 599 1439 670 quod
1463 597 1596 655 Dominus
1615 596 1732 653 mollivit
1746 609 1796 652 cot·

164 683 214 736 sai
231 684 330 751 medie·
341 687 405 758 quia
416 686 543 744 Christus
553 699 596 745 εει
605 704 667 745 vera
683 690 805 759 lucerna,
819 706 873 747 non
886 707 955 764 pra·
1005 692 1076 763 ejus·

168 775 244 832 dicat
258 777 364 849 legalia.
384 779 490 837 Dicitur
513 783 648 839 terminus
658 785 743 841 unius
756 785 856 856 gentis,
869 786 897 842 id
912 796 955 843 est
1044 784 1153 851 llonile,
1168 784 1286 855 proprie.
1300 782 1405 839 Dicitur
1418 782 1500 837 etiam
1513 781 1676 853 praedicator
1688 779 1730 833 rel
1745 777 1795 833 do·

163 866 294 925 Christus
316 870 457 927 lucernam
481 888 561 928 suam
584 889 639 929 noa
666 875 759 944 posuit
780 875 833 930 sub
850 875 953 940 modio,
1005 884 1064 931 etor
1078 875 1126 946 qui
1145 874 1218 930 iacto
1232 875 1273 930 rel
1286 873 1491 944 exemploalios
1506 879 1608 938 nronet,
1622 869 1695 926 uude
1710 887 1717 924 ι
1732 866 1795 926 Gol-

165 961 231 1031 quia
247 961 326 1018 tidem
341 978 421 1019 suam
434 965 462 1019 iu
477 965 602 1021 terminis
618 966 701 1021 unius
715 965 803 1038 pensis
822 981 877 1022 non
892 982 956 1023 con·
1005 968 1062 1024 ium
1075 977 1150 1022 taem
1164 969 1233 1023 sicat
1254 966 1365 1021 martille
1374 982 1384 1031 ,·
1398 964 1498 1021 collum
1521 960 1649 1017 Ecclesiae
1665 961 1795 1017 dicuntur

165 1051 259 1110 clusit.
276 1051 382 1109 Dicitur
396 1055 545 1123 temporale
558 1056 732 1111 commodum
748 1055 822 1125 quod
834 1057 955 1113 contiuct
1005 1056 1143 1123 doctores,
1157 1058 1223 1128 quia
1240 1057 1312 1113 sicut
1327 1055 1492 1126 porcellum
1517 1053 1655 1123 trajicitur
1668 1051 1746 1107 ‘cibus
1764 1050 1792 1105 iu

164 1158 315 1199 annonam.
329 1143 364 1199 Et
376 1143 490 1200 lucerna
504 1161 558 1201 non
577 1155 619 1202 est
640 1147 765 1217 ponenda
785 1148 952 1216 submodio,
1006 1149 1191 1216 stomachum,
1212 1148 1252 1205 sic
1274 1147 1468 1218 predicatores
1492 1160 1600 1200 sacram
1624 1141 1793 1214 Scriptorum

164 1233 230 1302 quia
245 1248 294 1302 pro
306 1233 448 1304 temporali
460 1234 669 1291 commodanon
681 1236 952 1307 estpraedicaudum;
1004 1248 1182 1310 exponentes,
1200 1238 1340 1308 trajiciunt
1364 1236 1456 1292 cibum
1479 1247 1566 1290 sacrae
1593 1231 1742 1304 Scriptura
1765 1232 1793 1287 iu

164 1324 208 1379 ιει
230 1339 311 1380 ιιειιιο
330 1325 411 1381 debet
433 1325 601 1381 abscondere
623 1326 764 1383 lucernam
785 1328 837 1384 sub
849 1329 952 1396 modio,
1005 1332 1136 1388 arrianam.
1154 1330 1259 1388 Dicitur
1275 1331 1373 1396 uirtus,
1388 1327 1611 1398 undeintlpocc
1628 1324 1690 1381 Vidi
1703 1327 1795 1382 ciuita-

165 1415 192 1470 id
206 1424 249 1470 εει
263 1431 373 1472 cessare
391 1432 406 1471 a
427 1417 620 1487 predicatione
634 1419 734 1475 timore
749 1435 836 1490 poeuae
854 1428 953 1491 corpo-
1005 1431 1057 1477 tem
1068 1420 1561 1488 sauctamlerusaIem,ete.,ornatam
1571 1417 1792 1472 monilibussais.

164 1505 241 1572 ralis,
257 1515 288 1562 ut
307 1521 357 1577 per
377 1507 500 1562 modium
524 1523 624 1580 corpus
640 1509 772 1581 dgrtretur
788 1509 862 1580 quod
877 1511 904 1566 in
923 1526 953 1567 se
1041 1511 1129 1580 Mons,
1146 1512 1265 1583 proprie.
1277 1510 1382 1566 Dicitur
1398 1508 1543 1566 haereticus
1564 1515 1673 1579 propter
1694 1520 1793 1577 super-

164 1598 286 1654 centinet
304 1599 436 1656 animatu.
1003 1602 1089 1667 biam,
1108 1601 1180 1658 utrde
1197 1600 1281 1658 David
1297 1615 1305 1653 s
1322 1602 1381 1667 Quo
1401 1600 1478 1655 moda
1490 1599 1581 1654 dicitis
1595 1599 1692 1654 anima
1706 1611 1794 1653 mets:

201 1687 308 1758 Dades,
333 1691 486 1757 maneries;
507 1692 580 1749 unde
603 1693 751 1765 Apostolus
774 1711 782 1749 ι
804 1662 989 1766 lirritisarieB
1006 1692 1178 1765 Trmrsmipra
1190 1693 1412 1748 irrnsonternsicut
1424 1708 1517 1763 passer
1523 1707 1534 1756 ,·
1546 1690 1698 1748 secundum
1711 1689 1793 1745 aliam

163 1777 306 1850 multisque
317 1781 413 1839 modis.
431 1782 537 1838 Dicitur
553 1784 730 1842 mediocritas
750 1786 809 1842 sire
823 1802 953 1842 mensura
1003 1784 1201 1856 expositionem
1228 1799 1276 1842 eeu
1298 1784 1508 1842 translationem
1534 1797 1584 1839 nec
1610 1781 1664 1838 hoc
1692 1780 1794 1837 dicitur

162 1870 314 1926 secuudum
330 1873 403 1942 quod
427 1874 502 1929 soliti
526 1889 624 1930 sumus
645 1875 736 1931 dicere
757 1895 765 1933 ι
790 1876 846 1932 lste
869 1879 952 1932 nescit
1003 1885 1138 1946 qttantum
1151 1877 1186 1932 ad
1201 1876 1241 1932 rei
1253 1876 1405 1944 ueritatem,
1421 1877 1469 1933 sed
1486 1885 1620 1947 quasnam
1637 1873 1671 1930 ad
1686 1872 1795 1929 lucreti·

163 1968 249 2014 tenerc
261 1961 369 2016 aradum
382 1962 409 2017 in
421 1964 500 2033 sactis
514 1966 571 2021 suis
594 1965 634 2020 oei
655 1967 758 2031 aeriis,·
774 1968 847 2024 unde
857 1977 954 2025 auctor
1004 1979 1099 2021 corum
1109 1966 1405 2035 opinionem,baeretici
1415 1966 1601 2034 euimlinpuut
1611 1978 1641 2021 se
1652 1966 1722 2020 altos
1732 1977 1794 2019 esso

162 2050 218 2105 ait:
231 2049 354 2106 Excessit
368 2054 502 2110 medicina
519 2056 639 2112 madum.
657 2056 762 2114 Dicitur
776 2057 890 2114 allectus
907 2074 952 2114 se·
1004 2056 1032 2112 ιιι
1048 2055 1207 2112 virtutibus.
1224 2055 1330 2112 Dicitur
1345 2055 1473 2113 Christus
1494 2065 1604 2127 propter
1615 2055 1793 2112 eminentiam

161 2137 283 2193 cundum
297 2140 370 2211 quod
389 2142 461 2198 soliti
483 2159 580 2200 sumus
598 2144 690 2202 dicere
706 2166 713 2202 ι
731 2147 819 2204 lladis
832 2148 952 2204 amniias
1003 2147 1113 2204 rirtutis
1128 2146 1208 2203 sEru‘t
1222 2148 1250 2201 in
1260 2148 1411 2202 rraoissirnis
1430 2146 1523 2203 dicius
1535 2156 1703 2218 preparatus
1716 2162 1793 2202 rnons

161 2233 336 2303 deprecamur
355 2245 390 2305 te,
413 2248 441 2294 at
458 2239 507 2293 lnce
530 2239 634 2310 iacias,
655 2240 738 2298 idest
761 2242 838 2298 omni
852 2244 953 2299 mentis
1003 2240 1033 2294 in
1051 2239 1147 2296 pertice
1166 2241 1317 2307 montium,·
1335 2240 1387 2295 hoe
1408 2238 1495 2296 isaiae.
1513 2238 1618 2295 Dicitur
1637 2239 1719 2295 etiam
1733 2238 1794 2294 dia·

161 2325 271 2383 ellectu.
286 2326 391 2384 Dicitur
405 2330 567 2399 modulatio,
582 2332 743 2404 juxtaquod
758 2334 858 2390 dicitur
874 2352 882 2390 ι
896 2335 953 2391 iste
1003 2333 1085 2390 bolus
1103 2339 1215 2404 propter
1228 2332 1405 2388 ernineutiam
1418 2331 1562 2402 superbire,
1575 2331 1647 2387 uude
1662 2332 1690 2386 iu
1703 2329 1794 2386 Euan·

162 2427 290 2488 temperat
304 2420 437 2476 citnaram
452 2440 529 2478 stram
543 2425 578 2479 ad
590 2425 708 2481 disertas
722 2428 813 2482 medos
826 2429 950 2496 canendi,
1003 2425 1094 2497 gello:
1110 2422 1141 2479 Si
1152 2425 1211 2494 prsis
1226 2423 1347 2478 deluerit
1360 2431 1465 2476 tantam
1487 2422 1560 2493 fidei,
1574 2430 1640 2488 ete,
1653 2430 1679 2477 et
1693 2421 1793 2475 dixerit

163 2510 236 2565 unde
254 2509 282 2564 iu
307 2509 379 2567 libro
394 2511 559 2585 Sapientiae:
575 2515 745 2589 Requireutes
761 2519 853 2575 mades
868 2520 952 2575 masi·
1002 2517 1064 2572 lruic
1083 2516 1177 2571 manti.
1198 2514 1301 2571 Dicitur
1322 2523 1446 2582 sauctus,
1467 2514 1540 2570 unde
1559 2513 1645 2569 Dauid
1666 2512 1793 2569 :llontes

66 2670 68 2673 Ι
161 2616 205 2654 cos
219 2610 244 2654 et
261 2611 401 2658 narrantes
419 2607 544 2661 carmina
560 2608 767 2678 scripturaram.
785 2607 889 2665 Dicitur
904 2609 951 2664 in·
1001 2607 1099 2663 excelsi
1111 2606 1210 2670 cereis,-
1224 2614 1251 2674 et
1270 2604 1337 2661 aliisi
1354 2623 1361 2661 ι
1376 2604 1565 2659 Fundamenta
1582 2603 1639 2675 ejus
1653 2605 1682 2659 in
1695 2605 1793 2659 inanti-

162 2690 259 2757 tentio,
282 2694 355 2749 uude
376 2694 404 2749 iu
417 2689 527 2752 Psalmo
543 2713 551 2751 s
569 2696 723 2764 Quomodo
746 2700 838 2755 dicitis
852 2702 951 2756 anima
1002 2699 1176 2756 caesenatis.
1199 2695 1305 2753 Dicitur
1320 2695 1557 2768 superimmissa
1576 2694 1662 2750 Dauid
1682 2693 1794 2766 tlanps

160 2798 227 2838 mee
244 2799 254 2838 ι
273 2784 447 2859 Transmipra
467 2791 496 2844 ia
518 2794 655 2849 montem?
672 2794 700 2849 in
720 2809 774 2865 qua
787 2794 949 2861 intentione,
1002 2796 1102 2843 mantes
1126 2797 1152 2842 et
1175 2787 1362 2858 lamentant,
1386 2784 1414 2841 id
1433 2794 1476 2843 est
1493 2796 1573 2857 tange
1592 2783 1725 2854 superbos
1744 2797 1795 2854 per

162 2882 192 2929 ut
208 2875 263 2929 siut
278 2875 340 2933 duce
352 2877 551 2950 dictionesque
571 2882 660 2936 mado.
1003 2876 1245 2948 compunctionem
1259 2888 1286 2933 et
1301 2876 1473 2948 fumigabunt
1484 2890 1533 2947 per
1552 2875 1737 2946 lacrymarum
1749 2872 1793 2929 el·

196 2963 334 3022 lloecirari.
359 2966 443 3025 Notat
468 2972 551 3026 eliam
579 2972 699 3042 aliquam
728 2973 823 3029 illicite
847 2988 950 3045 coguo-
1003 2969 1150 3036 lusionem,
1163 2968 1227 3039 quia
1241 2968 1334 3024 lamus
1345 2968 1493 3039 lacrymam
1506 2967 1670 3038 producitet
1680 2965 1791 3034 fletum

160 3070 246 3125 scere,
259 3068 290 3114 at
302 3061 420 3118 aarum
430 3061 537 3117 dicatur
547 3063 640 3119 ornnis
650 3063 761 3120 illicitus
772 3064 948 3132 concubitus;
1001 3074 1029 3121 ει
1050 3063 1115 3119 ιιιίιιι
1134 3060 1343 3117 :fasciamenta
1364 3062 1506 3115 montium.
1531 3059 1637 3117 Dicitur
1658 3057 1793 3116 celsitudo

160 3149 233 3204 urtde
246 3167 255 3206 ι
270 3149 331 3206 Nan
345 3153 523 3208 maechaberis.
535 3152 618 3209 Notat
632 3156 831 3224 concupiscere,
856 3155 947 3211 unde:
1001 3155 1121 3221 virtutis,
1139 3151 1212 3208 unde
1228 3153 1254 3207 in
1270 3152 1399 3222 propheta
1417 3168 1424 3207 z
1439 3151 1555 3206 dscerrde
1577 3152 1606 3205 in
1625 3160 1740 3205 montena
1763 3158 1793 3205 ts

161 3240 214 3306 Qui
229 3241 324 3297 uiderit
345 3244 481 3299 mulierem
494 3245 530 3299 ad
545 3246 781 3316 conscupisceudrtrn
796 3264 867 3314 earn,
891 3248 949 3317 jam
1000 3248 1046 3320 pai
1065 3245 1230 3318 eranpelicas
1249 3243 1325 3300 Sion.
1339 3244 1446 3301 Dicitur
1466 3259 1545 3300 sacra
1565 3242 1708 3312 Scriptura
1725 3256 1792 3312 pro·

159 3332 303 3387 maritatus
318 3341 357 3386 est
370 3350 429 3389 earu
442 3335 471 3389 in
483 3335 561 3390 carde
571 3352 628 3391 arro.
644 3336 726 3392 Notat
736 3353 830 3393 verum
845 3339 951 3396 intelle·
1000 3350 1060 3413 pter
1075 3338 1252 3396 eminentiam
1268 3337 1410 3404 doctrinae,
1422 3334 1494 3391 unde
1509 3333 1638 3391 llabaeuc
1654 3334 1745 3389 :Deus
1758 3333 1792 3387 al

159 3430 234 3480 ctum
263 3421 412 3493 Scriptura
433 3424 594 3482 subtrahere
612 3434 639 3482 ει
666 3426 766 3483 laisum
797 3430 946 3500 inquirere,
1000 3443 1092 3488 austra
1116 3431 1199 3487 ueniet
1219 3440 1245 3486 et
1264 3441 1374 3484 sanctus
1396 3430 1428 3484 de
1451 3437 1538 3484 rnante
1562 3427 1682 3493 Pleuron,
1707 3426 1793 3482 idest

160 3514 233 3569 unde
257 3516 403 3585 Apostolus
417 3534 424 3570 :
438 3515 576 3582 Quidaces
605 3535 656 3572 non
683 3519 865 3575 mecnendum
886 3537 949 3577 mre·
1001 3526 1134 3580 untbroso
1162 3523 1206 3579 rel
1234 3521 1386 3579 caudenso.
1420 3520 1505 3577 Sacra
1533 3519 1685 3590 Scriptura,
1713 3531 1793 3574 mous

160 3610 260 3665 clraris.
287 3607 370 3665 Notat
394 3610 579 3679 idololatrare,
606 3612 679 3668 uude
704 3613 861 3685 frequenter
880 3614 950 3670 iacta
1000 3617 1148 3673 umbrosus
1183 3614 1226 3671 rei
1252 3616 1431 3683 condensus;
1463 3620 1575 3684 propter
1604 3610 1790 3666 difficultatem

159 3701 259 3759 dicitur
275 3703 408 3758 moeeirari
423 3719 439 3758 a
455 3705 605 3775 prophetis.
1000 3706 1195 3776 intelligentiae.
1229 3705 1334 3761 Dicitur
1365 3704 1496 3771 Ecclesia,
1525 3703 1600 3759 unde
1621 3701 1788 3768 Psalmista:

198 3794 282 3864 itata,
299 3796 419 3867 proprie.
441 3795 546 3852 Dicitur
565 3799 826 3870 thantalibetpoena
846 3809 950 3873 trempo-
1000 3796 1036 3850 Et
1066 3795 1176 3850 deducet
1205 3796 1235 3849 s'n
1270 3804 1384 3849 montena
1411 3803 1534 3849 sanctam
1567 3801 1653 3849 taont.
1685 3790 1791 3847 Dicitur

160 3888 237 3955 ralis,
256 3887 329 3943 unde
353 3888 380 3943 in
395 3887 543 3957 Evangelio
564 3907 571 3944 :
589 3888 620 3945 Si
635 3892 695 3963 qais
715 3891 948 3960 scandalizaverit,
998 3887 1056 3943 rita
1074 3896 1175 3942 teterxm
1188 3895 1300 3957 propter
1313 3887 1500 3951 securitatem,
1512 3884 1689 3939 stabilitatem
1706 3892 1734 3938 ει
1747 3883 1791 3939 di·

160 3987 224 4042 ete..
237 3979 374 4047 suspendit
396 3978 477 4034 mala.
502 3977 608 4035 Dicitur
631 3981 702 4036 dens
723 3981 850 4048 molaris,
878 3983 950 4037 unde
999 3979 1148 4051 gnitatem3
1169 3978 1243 4033 unde
1270 3977 1355 4033 Dauid
1372 3996 1380 4032 :
1395 3977 1462 4043 Qeis
1485 3976 1628 4046 requiescet
1649 3975 1678 4029 in
1703 3985 1791 4030 monte

161 4066 245 4123 David
261 4086 269 4123 t
286 4066 384 4123 Dentes
404 4067 489 4125 molas
510 4069 616 4124 iconem
637 4072 785 4144 carrlrinprt
807 4073 948 4131 Dominus.
999 4081 1093 4127 sancto
1111 4073 1178 4128 tual
1193 4069 1299 4126 Dicitur
1317 4069 1453 4141 primitiva
1474 4066 1596 4123 Ecclesia
1618 4067 1652 4122 de
1676 4064 1789 4134 iudeis,

161 4158 272 4232 llystice
293 4168 384 4216 tamen
414 4162 467 4217 hoc
494 4161 630 4233 signifieat
659 4167 880 4235 persecutionem
906 4178 949 4241 ty·
1000 4166 1063 4237 quia
1081 4163 1168 4235 prima
1184 4163 1257 4233 cepit
1280 4162 1374 4217 radios
1397 4160 1470 4228 otei,
1490 4160 1602 4216 uudein
1618 4158 1789 4216 Psalmistsr

161 4268 312 4309 catinorum
340 4253 384 4308 vel
407 4269 519 4324 prauam
548 4256 751 4327 suggestionem
779 4259 947 4316 daemonum.
1000 4255 1059 4328 Epa
1082 4267 1171 4310 autem
1195 4256 1353 4309 constitutus
1377 4269 1437 4308 sam
1463 4253 1556 4307 reaai
1574 4268 1604 4308 eo
1625 4268 1704 4320 saper
1724 4250 1790 4308 Sion

162 4342 266 4399 Dicitur
279 4343 433 4414 conjugalis
446 4353 546 4410 status,
562 4346 626 4414 quia
641 4362 703 4401 cum
723 4348 865 4419 multiplici
881 4365 947 4406 cura
964 4355 1115 4428 „merrtem
1137 4354 1259 4400 sarrctrun
1280 4345 1347 4414 ejas.
1372 4341 1477 4398 Dicitur
1505 4340 1588 4399 Vetus
1614 4342 1657 4396 rel
1682 4340 1789 4398 Nouum

160 4446 187 4490 et
200 4436 294 4492 labore
306 4443 360 4501 est,
371 4435 442 4490 unde
454 4435 481 4490 iu
496 4434 644 4505 Evangelio
658 4454 665 4491 ι
681 4436 739 4492 Dae
750 4439 778 4492 in
788 4439 868 4508 mola,
880 4458 948 4498 unns
1001 4439 1219 4503 Testamentum,
1238 4438 1310 4494 unde
1332 4437 1435 4492 Dauid:
1450 4435 1504 4491 Per
1525 4435 1640 4491 medium
1658 4435 1790 4490 montium

160 4537 311 4583 assumetur
336 4536 362 4581 ει
382 4526 452 4582 alter
471 4526 651 4598 relinquetur,·
665 4529 730 4598 quia
749 4529 783 4586 de
796 4533 950 4602 conjugatis
1000 4531 1200 4603 pertransibant
1212 4546 1298 4598 apua,
1311 4529 1376 4599 qtria
1389 4526 1514 4583 doctrina
1524 4527 1675 4600 theologica
1689 4542 1790 4585 conso-

162 4618 271 4689 quidam
284 4620 475 4688 salvabantur,
487 4620 600 4691 quidam
615 4620 828 4678 damnabuntur.
845 4624 950 4681 Dicitur
1000 4638 1067 4676 aare
1089 4621 1169 4676 debet
1191 4621 1301 4690 utrique
1326 4617 1510 4675 Testamenta.
1530 4617 1636 4674 Dicitur
1657 4617 1789 4673 iudaicus

163 4726 224 4780 spes
239 4711 385 4780 vellimur,
399 4712 464 4784 quia
487 4713 559 4768 iuter
574 4727 650 4783 spem
672 4721 700 4770 ct
722 4714 848 4772 umorem
870 4717 950 4775 debet
1000 4713 1128 4783 populus,
1151 4712 1223 4767 urtde
1247 4711 1331 4766 lsaias
1352 4711 1387 4766 de
1409 4709 1520 4766 diabolo
1546 4709 1614 4766 ait:
1636 4707 1735 4765 Sedelo
1760 4708 1788 4762 in

161 4800 227 4854 ιιιοιί
251 4800 434 4869 Christianus,
456 4804 529 4859 urtde
553 4804 581 4859 in
603 4803 712 4861 Denter.
731 4825 738 4862 ι
755 4806 816 4863 Non
834 4810 949 4879 accipies
1000 4813 1087 4858 utottle
1107 4802 1278 4869 Testamenti,
1300 4802 1328 4856 itt
1340 4800 1469 4856 lateribus
1492 4799 1634 4873 aquilonis.
1653 4798 1788 4869 liulipnus

161 4892 274 4946 alteram
289 4894 387 4949 arolam
398 4894 456 4950 ioco
467 4897 586 4968 pipnorir
595 4913 605 4964 ,·
618 4899 682 4969 qttia
697 4901 834 4969 spessime
851 4903 949 4957 timore
1000 4896 1074 4950 enim
1088 4894 1201 4966 spiritus
1227 4901 1347 4948 moutern
1371 4891 1540 4948 Testamenti
1561 4890 1664 4958 tenuit,
1676 4886 1788 4958 quaudo

162 4987 339 5056 praesumptio
356 4995 409 5053 est,
433 4988 514 5044 tiator
535 4990 596 5046 siue
619 5007 667 5062 spe
689 4992 855 5063 desperatio.
873 4993 948 5050 Solet
998 4985 1143 5041 hilliricum
1171 4985 1300 5056 populum
1322 4983 1370 5066 ilii
1391 4984 1478 5055 legem
1501 4987 1643 5049 accelerat
1663 4978 1715 5034 Sibi
1739 4993 1788 5049 1³⁰¹·

161 5077 242 5130 etiam
259 5077 330 5145 aprici
346 5086 472 5134 auctores
482 5080 592 5152 signare
606 5083 722 5152 pulices,
734 5094 786 5140 etc.
1001 5078 1189 5134 iulldelitatem
1209 5077 1361 5146 subjurrsit.
1376 5075 1481 5133 Dicitur
1493 5087 1574 5129 mons
1588 5081 1696 5140 sancta,
1713 5074 1785 5129 unde

197 5165 389 5221 llolledieitur
402 5167 558 5238 delicatum,
575 5171 769 5228 undeverbum
782 5174 950 5231 saerreScci-
999 5170 1051 5225 ioli
1068 5189 1075 5225 ι
1092 5170 1169 5226 Mans
1190 5170 1285 5225 cadens
1311 5169 1422 5238 depluit,
1447 5181 1509 5222 eum
1535 5164 1563 5219 in
1587 5173 1679 5221 metite
1703 5164 1785 5220 etiam

141 5270 247 5340 ‘pter-ce
261 5258 362 5314 dicitur
377 5260 457 5314 ruolle
478 5276 527 5331 per
550 5265 749 5334 expositionem
776 5266 849 5334 qamt
873 5269 948 5337 pelas
997 5262 1065 5333 justi
1078 5262 1196 5317 Ιιοιιιίιιιε
1210 5259 1414 5332 repraesentatio
1427 5266 1526 5313 eventu
1539 5257 1639 5329 agitur,
1650 5259 1786 5327 quatenus

160 5353 261 5405 alatrum
285 5359 345 5405 erat
368 5366 418 5421 per
433 5352 644 5422 obseut·itatcur;
661 5358 734 5413 urrde
762 5358 789 5411 iu
816 5356 925 5413 Psalmo
939 5399 945 5410 .
999 5356 1038 5410 sic
1054 5346 1144 5409 subito
1161 5361 1317 5409 tenteturet
1332 5352 1405 5406 ιιιιιιε
1420 5350 1562 5419 inopinato
1574 5358 1712 5422 proventu
1721 5363 1787 5405 eoa·

162 5444 261 5499 ilelliti
273 5455 334 5498 sarrs
356 5458 487 5498 scrnrones
511 5445 567 5512 eius
583 5462 660 5516 super
675 5449 761 5504 aienrn
773 5459 798 5503 et
820 5451 870 5520 ipsi
886 5463 947 5505 ιιιιιι
999 5454 1083 5509 cruciat
1096 5462 1125 5508 et
1134 5462 1297 5525 proeteriret.
1315 5451 1419 5507 Dicitur
1427 5450 1509 5506 etiam
1523 5450 1682 5521 Apostolus,
1696 5448 1785 5506 uude:

158 5536 259 5606 prfuit·
1001 5545 1204 5616 Trarrrrp‘erentur
1220 5554 1319 5600 arorites
1331 5546 1416 5598 incar
1428 5544 1521 5613 maris,
1533 5543 1607 5616 quod
1624 5553 1666 5600 est
1683 5541 1786 5599 lactum

195 5628 310 5698 llollire,
326 5630 444 5703 proprie.
471 5629 551 5688 Natat
568 5631 708 5702 dlectare,
728 5637 798 5691 anilo
818 5637 845 5693 in
871 5637 945 5693 Psal-
999 5654 1061 5694 ειιιιι
1078 5639 1270 5711 praedicatores
1283 5635 1401 5710 apostoli
1416 5651 1430 5693 a
1447 5635 1541 5696 ludica
1556 5635 1659 5709 repulsi
1674 5636 1708 5693 ad
1721 5648 1786 5708 gen·
