3992 6042
246 196 299 254 cta
592 207 594 210 ⁴
882 187 986 246 atam
1005 186 1201 246 pensons
1808 199 1878 261 Μ

283 307 377 375 Quasi,
388 307 507 379 proprie.
515 302 597 361 Notat
605 303 646 359 rei
654 302 1025 370 veritatemondeinannes:
1041 308 1067 365 A
1083 313 1127 361 tur
1142 306 1322 375 adversative,
1331 309 1378 365 sed
1392 310 1566 385 electireqrel
1573 314 1690 387 quinimo
1702 326 1745 375 est
1753 335 1809 378 una
1821 324 1875 381 di-
1976 328 1977 333 ’

253 397 374 453 l'idimar
390 393 658 469 pieriamcjus'qoosi
671 390 828 464 Urtiqcnt'tio
837 390 930 454 Patra,
943 391 970 447 id
985 400 1027 446 est
1079 398 1144 464 etio,
1155 408 1182 455 et
1195 399 1304 469 ponitur
1318 417 1368 472 pro
1380 404 1444 459 imo.

247 505 341 545 renem
364 486 508 558 Unigeniti.
526 483 639 540 Ponitur
660 483 809 539 dubitative
828 498 878 553 pro
899 482 1018 548 circiter,
1114 486 1181 553 Quis
1211 488 1359 560 aliquando
1386 502 1464 550 notat
1491 494 1758 569 impossibilitatem,
1787 502 1874 561 nn&

249 581 320 637 urrde
335 579 423 634 Lucas
439 596 446 633 :
462 575 597 631 ErotiIlie
611 573 1029 645 incipiensquasiannoramtri·
1078 577 1188 637 isaias:
1209 578 1406 639 Generationem
1428 586 1485 657 eiad
1513 589 1571 659 quis
1598 590 1753 647 enancttrt
1776 591 1874 650 Notas
1976 580 1977 615 ¹

247 675 331 743 pinta
354 671 435 727 Notat
455 670 495 727 rei
512 669 732 736 similitudinem,
753 669 824 725 unde
838 667 890 725 an
913 686 921 722 ς
941 668 1027 735 Quasi
1078 673 1248 743 chariorem,
1272 676 1344 733 unde
1365 677 1531 753 Psalmista:
1548 683 1615 749 Quis
1634 694 1673 741 est
1684 687 1772 754 domo,
1788 691 1871 760 qued

246 765 296 834 ii⁰⁸
307 761 439 834 ‘dietim'
451 771 476 817 θ’
487 763 639 816 mimili-
655 759 720 816 ltem
737 777 744 811 ἵ
760 759 825 825 QW
841 767 881 814 0⁵⁸
896 761 949 813 ⁵⁸²⁰
968 773 1027 829 ΨΦ
1078 782 1177 822 mentor
1189 785 1216 823 es
1226 769 1304 840 ejus?
1316 771 1344 827 id
1356 781 1398 829 est
1411 787 1492 843 quarn
1508 776 1571 833 uilis
1584 786 1627 833 est
1640 786 1755 850 etquarn
1771 780 1870 851 irapi-

246 855 363 910 ascendit
376 856 453 926 qnasi
468 870 575 909 aurora.
595 853 676 910 Notat
699 850 939 923 improprietatem,
955 849 1028 905 unde
1077 857 1121 915 tis.
1135 856 1216 915 Notat
1228 862 1419 932 quantitatem,
1433 866 1505 922 unde
1516 865 1599 924 Dauid
1615 888 1624 923 ι
1644 868 1709 936 Quis
1724 883 1763 927 cst
1779 874 1868 929 domo

246 944 400 1002 Dominus:
412 942 548 999 iudicabit
561 945 638 1016 quasi
651 953 741 1015 potens
756 940 909 1012 crapulatus
923 957 941 995 o
955 939 1026 994 uino.
1076 950 1122 1020 qm·
1133 952 1197 1006 „sper
1211 962 1236 1007 ει
1247 969 1299 1008 720„
1309 954 1405 1010 mppr,
1419 968 1530 1013 monem
1538 959 1585 1014 Μ
1597 968 1640 1016 031
1653 971 1783 1032 quantus·
1799 962 1867 1020 No,

282 1058 436 1123 omn-0·
455 1054 560 1113 Dicitur
579 1057 689 1127 proprie
708 1056 747 1111 ,eq
767 1056 904 1112 0011„qu
922 1052 1027 1109 puppup
1076 1047 1116 1095 tat
1128 1040 1346 1109 admirationem,
1359 1044 1431 1101 unde
1446 1043 1530 1103 lsaias
1547 1047 1634 1114 :Quis
1644 1060 1684 1105 est
1698 1049 1744 1106 ille
1754 1056 1802 1125 qui
1812 1071 1868 1113 oe-

246 1148 329 1202 etiam
342 1146 462 1203 vitrdicta
479 1146 537 1214 Dei,
553 1145 626 1201 unde
642 1145 729 1203 David
746 1164 753 1201 :
771 1145 807 1201 it't
825 1144 935 1201 cessauit
948 1160 1028 1214 qnas-
1076 1131 1115 1184 nit
1128 1130 1161 1185 ὅθ
1173 1130 1278 1188 ffllmi
1289 1131 1467 1197 Admirantur
1481 1139 1569 1209 andeli
1589 1154 1735 1198 mensum
1751 1143 1867 1203 Chiis&

246 1239 327 1305 ratio,
340 1237 366 1293 id
377 1247 420 1294 est
429 1237 555 1293 uindicta
568 1238 709 1294 exsecutio
721 1252 803 1309 quam
815 1236 938 1293 exercuit
951 1234 1025 1290 Deus
1076 1220 1104 1276 ¹¹¹
1117 1222 1227 1289 0⁰³¹¹¹¹¹¹2
1238 1233 1266 1278 et
1279 1224 1340 1281 lde⁰
1352 1228 1614 1296 tittaefflssistlloettltt
1627 1249 1634 1287 2
1651 1231 1717 1298 Quis
1732 1242 1772 1288 Μ
1785 1234 1835 1290 ttte
1848 1238 1868 1292 Ῑ

166 1361 172 1367 ,
244 1331 274 1388 ¹„
288 1331 350 1389 Μῦς
363 1328 456 1398 'mel’
468 1334 521 1387 eqo·
1075 1311 1157 1370 Notat
1167 1316 1359 1384 remotionem,
1375 1320 1447 1375 unde
1461 1319 1545 1378 Dauid
1562 1341 1569 1377 ε
1585 1321 1651 1389 Quis
1665 1325 1762 1380 similis
1778 1328 1818 1383 tui
1826 1327 1865 1383 r‘rs

1075 1404 1138 1472 diis,
1151 1405 1282 1462 Domine?
1294 1405 1375 1463 llotat
1389 1408 1607 1478 similitudinem,
1618 1412 1690 1469 urrde
1700 1412 1752 1469 ton
1765 1433 1772 1469 :
1787 1415 1865 1482 Quis

1075 1506 1157 1571 potest
1170 1498 1255 1568 [acere
1269 1498 1395 1555 mundam
1405 1501 1438 1556 de
1447 1502 1603 1558 immundo?
1618 1502 1699 1560 Notat
1708 1505 1866 1566 dubitatio-

1075 1604 1149 1655 nem,
1163 1590 1236 1646 onde
1250 1591 1279 1645 in
1295 1589 1459 1664 Evangelio:
1477 1592 1517 1649 To
1527 1596 1586 1666 quis
1602 1612 1640 1662 cs,
1652 1605 1683 1652 ot
1701 1614 1862 1669 responsurae

1075 1681 1165 1737 demur
1175 1682 1239 1737 ltin?
1253 1680 1332 1738 Notat
1343 1684 1474 1755 originem
1486 1685 1528 1741 uel
1541 1687 1667 1757 patrium,
1679 1679 1749 1745 unde
1769 1690 1865 1747 Adra·

1075 1779 1145 1838 stus,
1159 1787 1283 1841 quaerens
1298 1773 1432 1845 originem
1448 1775 1491 1831 nel
1501 1778 1616 1847 patriam
1634 1775 1780 1851 Polynicis,
1793 1781 1860 1838 ait:

281 1446 338 1513 Qae
351 1444 514 1517 quandoque
525 1444 636 1515 ponitur
653 1445 796 1516 expletive,
808 1452 837 1499 ut
849 1444 894 1500 hic
909 1463 916 1499 :
934 1444 1026 1500 Dicit·

244 1552 294 1608 que
306 1536 387 1591 Deus.
400 1533 513 1590 Ponitur
528 1534 690 1605 copulative.
701 1530 816 1590 Ponitur
828 1536 911 1591 etiam
926 1535 1026 1592 simili·

246 1627 392 1693 tudinarie,
404 1635 434 1682 ut
443 1633 517 1697 patet
529 1626 556 1681 in
569 1625 684 1683 dirersis
698 1599 839 1696 exemplis.

281 1746 397 1811 Quercus
406 1744 516 1815 proprie
527 1743 619 1799 arbor.
629 1742 732 1803 Dicitur
743 1742 841 1812 aliquis
854 1742 979 1799 sublimis
994 1742 1023 1799 in

244 1835 375 1908 dignitate
405 1836 541 1904 seculari,
567 1835 637 1891 unde
664 1836 822 1907 propheta:
848 1834 1024 1892 Esaltaditnr

244 1927 375 1982 Dominus
389 1944 476 1999 ,super
492 1944 601 1999 quercus
619 1926 719 1982 Busan.
737 1926 842 1983 Dicitur
862 1926 971 1984 tidelis:
988 1928 1024 1983 m
1183 1902 1248 1969 (Μ’
1259 1906 1342 1977 ‘¹¹9⁰l
1356 1907 1499 1963 “lilim-⁹

243 2022 295 2076 crit
307 2022 335 2076 in
354 2022 502 2076 ostensione
521 2021 589 2075 sicut
610 2020 779 2088 terebinthus,
797 2029 824 2075 et
834 2022 901 2075 sicut
914 2038 1024 2092 quercus
1075 2037 1101 2093 pq
1113 2046 1154 2093 οὓς
1167 2039 1202 2095 qe
1214 2055 1268 2110 quq
1283 2049 1362 2113 geme
1373 2043 1415 2098 ,eq
1432 2044 1531 2113 patria,
1548 2044 1582 2101 E,
1596 2045 1620 2101 sq
1636 2047 1701 2117 φής
1730 2064 1861 2106 commu,

242 2127 302 2184 Μ
317 2112 427 2182 projecit
446 2112 549 2183 lilim
572 2127 656 2179 ⁸¹⁸⁰&
676 2129 761 2168 *ΕΜ
780 2115 965 2170 ‘lucillum‘
995 2114 1025 2168 id
1074 2130 1146 2187 niter
1159 2132 1187 2186 in
1199 2148 1277 2189 sacra
1288 2132 1430 2204 Scriptura
1443 2133 1598 2207 quaerit'uel
1606 2140 1858 2209 proprietatemrei

242 2207 313 2301 Μ
326 2208 427 2262 “⁶⁸⁶'st
441 2208 470 2261 ’Ὦ
481 2224 522 2262 ⁶⁰·
1074 2223 1117 2279 rel
1131 2238 1231 2279 nomen
1245 2225 1286 2280 vel
1303 2225 1448 2297 originem,
1466 2236 1497 2283 ut
1510 2229 1544 2285 de
1561 2232 1749 2302 assumptione
1767 2233 1858 2292 beatae

279 2297 392 2365 limiti
420 2299 530 2370 Pl⁰Pllt³
546 2299 658 2379 idicllffl'
675 2298 793 2355 lucrum·
812 2296 919 2356 Dicilffl'
941 2300 1023 2356 ellim
1077 2313 1218 2386 Virginis:
1235 2314 1301 2381 Qua
1325 2326 1366 2373 est
1384 2319 1437 2373 ista
1454 2335 1513 2390 qua
1528 2321 1644 2377 ascendit
1664 2323 1734 2378 sicat
1753 2341 1856 2382 aurora

242 2390 342 2459 pietas,
359 2389 430 2444 unde
445 2387 548 2445 Paulus
569 2406 575 2441 ²
600 2388 649 2443 ΕΝ
669 2398 758 2444 antem
781 2398 887 2460 timim
913 2405 1023 2462 mittit
1075 2423 1241 2480 contorpere,
1257 2406 1378 2478 palcina,
1398 2408 1460 2464 etc?
1474 2407 1523 2465 Vel
1535 2412 1655 2468 secundo
1676 2414 1769 2485 modo,
1789 2416 1859 2486 quis

241 2479 573 2550 pterarcnmsnrpciemta.
1074 2499 1216 2571 quaeritde
1234 2499 1380 2570 qualitate,
1396 2500 1424 2556 id
1443 2509 1485 2557 est
1509 2502 1660 2560 substantia
1684 2506 1736 2574 rei,
1760 2508 1852 2577 qualis

278 2592 349 2659 Quia
363 2593 472 2662 ponitur
483 2593 624 2664 expletive,
652 2595 761 2664 ponitur
783 2594 930 2650 causaliter
951 2596 1024 2666 quod
1075 2589 1167 2647 titillo
1179 2590 1341 2658 substantia,
1361 2599 1390 2645 ut
1404 2592 1463 2662 quis
1485 2601 1525 2648 est
1540 2592 1592 2660 iric,
1609 2593 1632 2651 si
1644 2595 1707 2667 quis
1719 2609 1856 2668 quaereret

239 2690 327 2756 patet.
336 2682 509 2758 Ponitur'prn
521 2686 603 2756 qnod,
615 2694 645 2740 ut
658 2685 687 2740 in
699 2685 862 2757 Evangelio:
877 2686 942 2741 Diri
953 2687 1025 2741 uotis
1074 2683 1109 2740 de
1118 2682 1239 2739 noctede
1252 2682 1345 2754 aliquo
1356 2683 1574 2752 superveniente,
1588 2687 1714 2743 nesciens
1725 2705 1759 2745 an
1771 2690 1858 2746 homo

242 2776 306 2848 quia
324 2793 371 2848 eqo
386 2794 455 2844 sam,
475 2777 502 2833 id
516 2779 646 2848 estquod
662 2793 713 2850 ego
727 2794 799 2835 sum.
815 2777 895 2835 Notat
907 2779 1025 2836 incdim-
1073 2773 1247 2842 uelbrutum,
1260 2775 1302 2831 uir
1315 2774 1434 2831 nelesset
1445 2773 1558 2845 lomina,
1570 2778 1713 2849 quaeritne
1725 2781 1853 2837 subsun-

242 2879 309 2936 tem,
340 2871 411 2926 unde
438 2870 585 2940 Apostolus
605 2887 612 2923 :
635 2870 848 2927 Misericordiam
868 2880 1024 2926 consecutas
1074 2867 1112 2923 tia
1127 2867 1168 2922 rei
1184 2867 1212 2922 in
1230 2882 1270 2924 se.

243 2976 316 3023 snm,
331 2962 393 3031 qnia
414 2977 461 3032 per
479 2964 660 3034 ignorantiam
675 2974 835 3033 persecutus
849 2978 910 3019 sunt
930 2961 1058 3032 Ecclec
1109 2954 1186 3023 Quod
1200 2957 1310 3027 ponitur
1324 2958 1549 3029 determinative,
1564 2960 1637 3017 unde
1665 2960 1797 3019 Dominus
1816 2962 1851 3018 nd

242 3052 313 3107 siam
330 3051 391 3119 Dei,
407 3053 433 3109 id
448 3061 490 3108 est
505 3051 611 3110 lucilius
628 3052 845 3110 misericordiam
858 3048 1023 3109 consecutus
1074 3049 1175 3106 Satan:
1189 3048 1317 3121 Nnnqnid
1329 3050 1502 3106 considerasti
1515 3069 1614 3108 seruum
1622 3069 1706 3108 meam
1719 3052 1770 3107 dol
1782 3051 1855 3124 qoud

241 3152 354 3215 propter
364 3143 556 3217 ignorantiam.
1071 3158 1125 3199 rton
1138 3143 1173 3197 sit
1182 3142 1207 3196 ei
1221 3140 1318 3196 similis
1331 3144 1359 3197 in
1371 3151 1442 3197 terra
1452 3143 1467 3198 t
1479 3142 1592 3199 Ponitur
1611 3143 1765 3210 causaliter,
1779 3144 1857 3199 unde

279 3235 395 3302 Quidam
412 3238 577 3309 quandoque
597 3245 673 3299 notat
694 3237 880 3309 partitionem,
906 3247 937 3294 ut
958 3251 1022 3293 com
1072 3232 1225 3290 Dominus:
1246 3232 1286 3289 Eo
1301 3233 1370 3305 qnod
1387 3250 1439 3287 non
1457 3235 1597 3305 coquaristi
1610 3243 1721 3303 tempus.
1736 3232 1855 3290 Ponitur

242 3327 323 3383 dico:
338 3327 542 3394 Quidamiomo
561 3331 662 3397 currit,·
678 3339 704 3386 et
724 3329 790 3385 alibi
807 3329 835 3383 in
849 3328 1020 3399 Evangelio:
1073 3322 1228 3393 adjunctive
1249 3338 1299 3393 pro
1319 3336 1367 3390 nt,
1399 3323 1470 3379 unde
1497 3324 1524 3379 in
1550 3321 1637 3379 lodic.
1654 3324 1713 3380 Asa
1741 3325 1776 3381 ad
1802 3340 1857 3396 pa-

243 3416 311 3475 Sunt
323 3421 433 3491 quidam
453 3422 485 3477 de
511 3423 654 3479 stantibus.
677 3420 849 3489 Quandoque
872 3426 947 3473 notat
960 3432 1022 3487 pro·
1073 3424 1162 3470 trem:
1183 3413 1246 3470 Volo
1262 3416 1331 3486 qood
1341 3416 1387 3471 des
1400 3416 1463 3470 milri
1473 3416 1600 3490 irriquum
1616 3417 1856 3488 inferiusPonitor

242 3512 397 3582 prietatem,
408 3514 481 3569 unde
497 3513 627 3568 Boetius:
647 3511 759 3567 Caritas
773 3517 813 3564 est
826 3508 947 3579 quadam
963 3506 1021 3577 [or-
1071 3505 1235 3572 comitative,
1254 3507 1344 3564 uuida:
1364 3504 1434 3563 Deus
1451 3507 1481 3562 in
1496 3523 1527 3563 eo
1544 3506 1613 3579 qaod
1631 3514 1671 3562 est
1685 3506 1776 3577 justus
1798 3506 1852 3562 mi·

243 3617 298 3667 ma,
310 3601 389 3670 qnasi
402 3601 496 3656 dicat:
514 3598 573 3655 Non
588 3609 630 3656 est
644 3597 753 3670 proprie
772 3596 870 3652 locuta.
890 3594 1021 3663 Quando·
1072 3604 1185 3656 seretur.

242 3704 296 3760 que
307 3698 384 3746 notat
395 3690 434 3745 rei
450 3688 725 3761 ignorantiam,·nnde
738 3685 909 3745 Christosde
922 3694 1022 3742 semet·
1107 3692 1238 3758 Quoniam
1260 3700 1303 3748 est
1324 3692 1481 3763 conjunctio
1503 3689 1653 3747 rationalis.
1685 3687 1853 3759 Quandoque

243 3780 304 3851 ipso
318 3780 377 3836 ait':
397 3780 512 3848 Quidam
529 3780 680 3852 tumefecit
695 3795 793 3833 cenam
811 3794 945 3849 maqrram.
964 3775 1021 3834 No·
1068 3782 1182 3853 ponitur
1199 3781 1393 3852 significative,
1416 3782 1488 3838 unde
1502 3782 1530 3837 in
1549 3780 1695 3853 Euarrpelio
1708 3799 1716 3836 r
1731 3779 1851 3835 Remissa

243 3876 284 3925 tat
295 3870 490 3941 ignobilitatem
503 3871 545 3926 tel
557 3871 745 3941 dejectionem,
761 3869 833 3924 tunde
847 3868 875 3924 iu
894 3870 1022 3939 passione
1071 3882 1133 3930 sont
1148 3875 1173 3929 ei
1195 3882 1302 3944 peccato
1316 3872 1401 3928 molta
1415 3874 1539 3945 quoniam
1566 3874 1660 3928 dilexit
1676 3871 1807 3938 moltam,
1823 3871 1850 3926 id

242 3958 344 4014 Christi
363 3960 462 4032 legitur
476 3979 484 4015 ι
498 3960 709 4031 Atrporiaoerunt
728 3960 868 4030 quemdam
887 3957 1021 4014 Simonem
1071 3963 1399 4020 estremissiomultorum
1408 3961 1756 4035 peccatorumiuitsignnm
1765 3959 1854 4015 multas

243 4048 445 4122 Coroneumid
466 4061 508 4106 est
524 4050 669 4121 ignobilem
683 4059 711 4106 et
724 4050 870 4121 dejectum,
880 4059 906 4105 et
918 4048 947 4104 iu
958 4049 1019 4105 Act.
1072 4052 1224 4109 dilectionis
1250 4053 1279 4108 in
1303 4051 1388 4109 liaria
1405 4053 1577 4125 llagdalena.
1599 4052 1767 4125 Quandoque
1778 4057 1851 4107 noim

242 4150 332 4212 apost.
350 4160 358 4196 ι
373 4139 488 4206 Quidam
500 4139 602 4209 Simon,
612 4140 638 4196 id
649 4152 691 4196 est
704 4140 842 4211 ignobilis.
1071 4159 1183 4199 causam
1205 4159 1239 4200 ex
1259 4144 1417 4214 praemissis,
1436 4157 1466 4201 nt
1485 4145 1569 4201 David
1582 4164 1589 4201 r
1601 4143 1710 4200 Saltum
1724 4160 1764 4199 nte
1780 4142 1850 4214 scut,

278 4231 350 4298 Quin
364 4241 405 4288 est
419 4231 575 4303 cnnjtructio
594 4230 775 4287 adversativa.
795 4230 1019 4303 Aliquando'po·
1072 4234 1198 4306 qnoniam
1218 4232 1302 4289 coluit
1328 4249 1379 4289 me.
1408 4231 1574 4305 Quandoque
1599 4241 1675 4288 notat
1697 4248 1851 4290 causantes

243 4323 319 4380 ruitur
339 4322 519 4391 adversative,
540 4321 612 4379 unde
636 4320 775 4378 dicimos:
797 4320 859 4377 Non
883 4323 1019 4379 dimittam
1034 4329 1057 4385 Ι)
1071 4326 1308 4399 subsequentibus,
1324 4337 1355 4381 ot
1371 4326 1398 4381 in
1413 4324 1539 4382 Psalmo:
1551 4322 1682 4392 Quoniam
1695 4334 1724 4379 ta
1747 4340 1851 4396 percos·

242 4419 306 4486 quin
328 4417 428 4488 [eciam
448 4417 527 4473 illud.
543 4416 657 4473 Ponitur
671 4416 794 4485 elective,
814 4416 886 4474 unde
906 4418 1020 4477 lucas:
1072 4420 1133 4476 sisti
1157 4435 1245 4476 omnes
1269 4420 1434 4476 adnectentes
1457 4418 1523 4473 milti
1553 4420 1609 4475 rinc
1634 4435 1735 4487 muso,
1763 4416 1850 4472 &nte

244 4509 368 4574 Quinimo
383 4509 457 4580 quin,
470 4509 497 4566 id
508 4519 551 4566 est
561 4526 609 4564 cur
619 4525 681 4576 non,
693 4519 721 4566 et
735 4519 800 4567 tunc
809 4512 863 4566 imo
875 4527 930 4568 non
944 4513 1022 4584 poni·
1073 4520 1238 4582 pcccatorum
1249 4511 1407 4567 cotttrt'nisti.

278 4957 375 5025 Radia,
385 4959 503 5031 proprie.
516 4958 621 5016 Dicitur
630 4960 719 5032 origo,
734 4959 839 5016 undein
854 4958 974 5031 Epistola
987 4960 1024 5015 ad
1075 4967 1200 5030 tanquam
1220 4959 1320 5031 t'ipnurn
1334 4959 1404 5031 qood
1418 4957 1567 5030 plantatum
1585 4967 1624 5013 est
1638 4973 1712 5015 amos
1723 4957 1852 5025 ,decussus

240 5046 325 5105 Tim:
344 5036 482 5121 Cupiditas
495 5052 621 5107 estradis
635 5052 750 5106 omnium
766 5052 905 5107 anctorum.
920 5051 1024 5108 Dicitur
1075 5068 1216 5122 aquarum,
1231 5054 1279 5124 qui
1293 5050 1512 5122 suntquotidiani
1526 5048 1657 5107 transitus
1674 5048 1852 5107 deficientium

239 5141 392 5197 incarnatio
406 5143 555 5213 Dominioa,
565 5142 696 5200 undeiob
713 5144 739 5199 in
754 5159 868 5216 persona
878 5143 1021 5201 Ecclesiae:
1076 5145 1248 5217 populorum.
1263 5145 1366 5201 Dicitur
1376 5151 1468 5198 sancta
1482 5142 1649 5213 praedicatio,
1664 5142 1737 5198 unde
1757 5141 1809 5198 iob
1822 5144 1853 5200 de

241 5231 331 5288 Radia
357 5251 414 5288 mea
429 5246 519 5306 operta
545 5244 583 5291 cst
613 5253 686 5291 scens
715 5253 807 5307 aquas.
838 5235 890 5292 Per
904 5236 1023 5293 radicem
1071 5243 1147 5313 justo
1157 5242 1209 5299 sni)
1222 5240 1400 5310 appellatione
1411 5236 1477 5307 ligni
1492 5236 1549 5290 ait:
1566 5233 1598 5290 Si
1612 5237 1728 5291 senuerit
1741 5238 1771 5292 in
1787 5246 1852 5291 terra

193 5316 196 5321 ’
242 5322 371 5380 Ecclesiae
388 5326 475 5396 ipsam
493 5327 708 5385 incarnationem
725 5328 914 5401 Redemptoris
941 5329 1023 5385 intel·
1073 5334 1267 5402 redieritne
1281 5326 1850 5402 inpnlocremortnariucrittrancnsillinc.

134 5477 140 5487 ,
241 5416 360 5484 ligimus,
375 5418 523 5489 quaejoxta
542 5435 639 5491 aquam
656 5432 747 5491 aperta
759 5422 878 5476 estdum
893 5420 1023 5478 Dominus
1073 5426 1115 5481 ild
1128 5426 1233 5481 odorem
1255 5439 1331 5494 aqna
1347 5422 1504 5494 perminadit
1519 5429 1545 5475 et
1566 5421 1645 5492 facim
1658 5437 1761 5476 comam
1780 5422 1852 5492 quasi

243 5506 387 5563 invisibilis
397 5524 446 5579 per
459 5513 675 5581 assumptionem
699 5512 877 5568 humanitatis
902 5528 959 5568 suae
974 5529 1024 5583 pa·
1073 5532 1132 5572 cum
1143 5513 1417 5586 primomplantatnm
1428 5524 1478 5570 est.
1492 5513 1543 5569 Per
1554 5513 1673 5570 radicem
1684 5511 1752 5583 iusti
1763 5520 1852 5567 sanda

153 5680 156 5686 .
242 5595 294 5656 toit
305 5599 457 5666 aspectibus
472 5600 583 5657 visionis
598 5611 707 5670 nostre,
722 5604 794 5659 unde
809 5601 910 5660 David:
926 5603 960 5659 Er
971 5606 1026 5660 erit
1071 5607 1237 5680 predicatio,
1248 5605 1314 5689 quia
1324 5606 1359 5665 ab
1370 5606 1428 5681 ipsa
1439 5606 1526 5665 oritur
1547 5603 1619 5663 etde
1640 5605 1701 5676 ipsa
1721 5603 1851 5662 suisium
