3992 6042
220 220 277 296 aas
873 232 978 291 acam
999 234 1043 289 oe
1062 232 1199 291 vastius
1796 238 1852 297 aas

219 365 293 409 crum
307 350 403 407 inustis
422 351 468 417 sit,
492 358 600 422 propter
614 347 810 405 conscientiam
829 358 961 415 nostram,
976 360 1006 406 et
1019 368 1043 424 g
1056 352 1121 415 ciat,
1137 348 1183 418 qui
1199 346 1325 402 minister
1337 347 1360 379 ⁸⁰
1373 354 1416 403 est
1428 348 1509 420 legis,
1525 346 1641 404 dominu
1654 350 1854 406 contradicitur

218 450 331 514 propter
356 443 519 498 catliolicam
547 440 784 496 mansuetudinem
809 440 1007 496 commendari·
1059 440 1851 512 quiait:llibioindictam‚steporetribuumliient.xsxrt;

219 533 294 590 dam.
317 532 396 600 Quod
418 533 470 589 etsi
494 531 658 603 quibusdam
682 530 716 586 de
739 530 843 587 nostris
865 532 1008 587 atrocitate
1059 532 1183 588 Roman
1195 530 1294 599 ;llelr.
1304 531 1376 601 xviv).
1388 533 1464 597 ltem,
1476 532 1499 588 si
1513 533 1576 602 quis
1592 531 1704 602 objiciat
1714 539 1741 589 et
1754 516 1850 589 dicat:

218 625 375 688 commotis,
397 624 504 677 videtur
520 623 676 693 indignum,
699 630 728 677 et
748 623 829 693 qnasi
847 623 1008 679 dissolutio-
1058 623 1154 681 Nonne
1175 625 1238 679 licet
1253 624 1370 693 injurias
1382 623 1502 678 bostium
1522 624 1669 695 repelleret
1684 625 1724 680 Ad
1740 625 1792 680 hoc
1805 624 1852 682 di·

218 718 262 773 uis
277 726 304 771 et
319 714 488 786 negligentiae
512 714 601 769 simile
612 715 646 779 ⁸⁸,
668 714 814 770 transactis
835 721 927 769 tamen
947 729 1008 770 nro·
1059 725 1135 783 cunt,
1149 714 1223 787 quod
1248 733 1257 767 v
1283 714 1346 771 lieet
1361 714 1416 769 vim
1432 714 1459 769 vi
1474 715 1616 784 repellere,
1631 715 1679 770 scd
1699 730 1763 772 curn
1787 730 1852 773 niti⁴

218 810 292 864 tibus
309 808 475 873 animorum,
493 808 539 878 qni
556 823 605 877 pro
625 806 706 862 iactis
732 806 928 862 recentioribus
949 815 1008 862 tur·
1057 806 1200 864 deramine
1230 806 1375 875 inculpatae
1396 805 1497 870 tutelae,
1515 823 1525 858 ι
1550 806 1722 862 defendendo
1746 807 1853 864 scilicet

216 905 390 960 buleutius⁸⁸
411 906 501 961 snleut
515 905 640 968 excitari,
663 905 771 975 egregie
793 905 932 959 luculenta
957 901 1008 956 bo-
1058 914 1098 964 se,
1121 899 1170 956 sed
1184 912 1240 953 uon
1253 897 1339 952 alium
1355 896 1518 964 occidendo,
1539 898 1597 954 sive
1610 906 1640 953 nt
1652 898 1782 955 inimicos
1797 913 1852 953 no·

216 994 288 1051 nitas
300 996 464 1066 apparebit»
483 995 581 1051 idem:
599 1018 607 1047 ι
623 995 663 1050 Er
678 995 825 1051 occasione
844 993 1006 1050 terribilium
1058 1000 1131 1046 stros
1147 991 1301 1061 capiamus,
1316 989 1359 1044 vel
1376 988 1513 1061 lugemus,
1529 1006 1584 1045 nnn
1599 1004 1666 1045 vero
1681 990 1852 1045 occidamus.

212 1087 338 1157 judicum
361 1096 389 1141 et
412 1087 513 1157 legum,
531 1103 565 1142 ne
580 1085 788 1156 eternidndicii
804 1100 899 1155 poerras
919 1084 1005 1148 luant,
1059 1081 1088 1137 st
1100 1082 1173 1137 enim
1190 1083 1386 1149 occiderimus,
1409 1089 1506 1137 contra
1534 1082 1586 1136 linc
1607 1090 1773 1152 preceptum
1794 1081 1854 1137 Do-

215 1178 317 1249 eorrigi
338 1192 385 1233 eos
408 1178 546 1249 cupimus,
570 1194 623 1232 non
646 1178 739 1232 iterari
767 1196 776 1229 ι
808 1176 886 1243 item,
909 1174 1008 1245 Grego·
1058 1175 1127 1230 mini
1141 1175 1480 1246 navigavimussililipite
1494 1175 1614 1229 inimicas
1630 1174 1852 1241 nestros,etdens

215 1271 293 1323 vius:
311 1268 406 1324 «Reus
421 1269 563 1338 sanguinis
582 1267 711 1324 defendat
736 1268 869 1335 Ecclesia,
885 1283 919 1322 ne
938 1267 1007 1323 ellu-
1058 1272 1139 1341 [acite
1152 1270 1193 1325 iris
1207 1270 1253 1340 qui
1268 1287 1313 1325 uos
1331 1270 1442 1324 oderant
1474 1268 1584 1341 (dluttb.
1599 1271 1639 1342 v).

215 1362 302 1417 sionis
315 1362 458 1432 sanguinis
469 1363 607 1432 particeps
622 1361 678 1417 siat.
695 1380 704 1412 ι
719 1358 784 1415 item
799 1360 933 1416 Dominus
948 1360 1002 1414 ait:
1338 1378 1453 1437 CAPUT
1475 1378 1560 1433 χχιι,

215 1450 287 1505 N⁰¹⁰
302 1462 413 1505 mmm
425 1452 583 1522 Wfflwrffi·
598 1462 663 1517 etc,
677 1449 787 1521 (Em'b
804 1451 892 1519 Μὴ·
909 1449 948 1505 ⁰0
960 1447 1007 1505 ¹¹¹·
1057 1472 1099 1526 td
1113 1472 1243 1542 predicte
1259 1472 1406 1539 responsio,
1422 1479 1447 1526 et
1464 1470 1533 1541 quod
1551 1469 1746 1523 homicidarum
1764 1480 1790 1526 et
1804 1488 1849 1526 tc·

213 1542 280 1596 daeis
295 1542 378 1596 etiam
393 1541 421 1595 in
436 1539 585 1613 Evangelio
607 1540 768 1613 prohibetur
785 1554 819 1595 nc
834 1540 1005 1607 occidantur,
1057 1572 1063 1595 a
1093 1544 1252 1613 crileqorum
1269 1543 1373 1611 punitio
1400 1556 1453 1595 non
1468 1550 1506 1594 est
1527 1540 1623 1609 effusio
1640 1541 1789 1612 sanguinis,
1803 1542 1850 1597 sed

213 1631 278 1702 qvvia
295 1631 413 1702 capsarii
427 1632 449 1663 ⁸⁷
462 1631 549 1688 nostri
565 1639 641 1698 ειιιιι,
656 1641 683 1687 ει
697 1632 799 1687 cedunt
813 1631 841 1685 in
858 1647 1006 1702 arqurnen-
1092 1611 1178 1682 ‘edum
1195 1613 1384 1666 mmmmm·

213 1731 270 1774 tum
282 1720 307 1753 ⁸⁸
330 1721 390 1775 tldei
415 1730 526 1775 nostre.
544 1720 622 1777 Unde
645 1722 672 1776 in
690 1719 800 1777 Psalmo
824 1720 938 1792 legitur:
965 1720 1007 1776 Νε
1023 1722 1043 1776 Β
1094 1721 1143 1778 llis
1158 1722 1362 1791 objectionibus
1376 1722 1418 1779 sic
1433 1722 1653 1794 respondemus:
1668 1723 1785 1790 Quando
1800 1725 1849 1797 ju·

211 1813 319 1867 accidas
333 1812 536 1884 eus,neqaandc
548 1811 842 1882 obliviscantarpopuli
854 1812 905 1866 mei
917 1811 1005 1881 (Psoi.
1057 1813 1123 1881 dex,
1141 1814 1263 1870 dictante
1286 1813 1437 1886 justitia⁰¹,
1459 1815 1582 1886 praecipit
1603 1816 1724 1886 aliquem
1748 1817 1849 1886 occidi,

212 1904 303 1974 ιιιιι).
319 1903 491 1974 Augustinus
504 1904 597 1969 etiam,
620 1904 667 1959 nbi
691 1902 802 1974 legitur,
827 1903 901 1974 quod
920 1903 1008 1958 Absa·
1057 1906 1116 1976 ipse
1130 1920 1184 1960 non
1207 1907 1324 1974 occidit,
1340 1906 1386 1961 sed
1401 1905 1456 1963 lex.
1472 1905 1560 1962 ludes
1574 1907 1648 1963 enim
1665 1908 1793 1964 minister
1806 1918 1850 1966 est

212 1996 256 2049 lon
279 1996 392 2050 intravit
418 1996 451 2050 ad
473 1995 644 2050 concubinas
673 1995 760 2066 patris
783 1993 829 2066 (ll
851 1994 915 2065 lieg.
938 1993 1006 2066 xvi),
1057 1998 1136 2069 legis,
1153 1998 1209 2053 imo
1225 1997 1284 2064 bet,
1310 1999 1336 2053 in
1351 1999 1533 2069 exsequendis
1553 1999 1676 2069 judiciis.
1694 1998 1773 2066 Quod
1795 2016 1847 2057 au·

211 2088 290 2151 dicit,
315 2086 388 2156 quod
404 2102 453 2158 per
472 2086 643 2142 concubinas
660 2086 851 2158 intelliguntur
874 2087 1005 2153 baeretici,
1057 2099 1112 2145 tem
1125 2089 1226 2144 dicitnr
1239 2089 1267 2145 in
1279 2089 1437 2162 Evangelio,
1448 2091 1494 2162 qul
1508 2090 1627 2161 gladium
1641 2093 1782 2162 acceperit,
1793 2104 1847 2149 etc.

211 2182 258 2251 qni
283 2180 426 2237 occidendi
451 2195 507 2235 nnn
532 2189 607 2245 ειιιιι,
633 2180 680 2235 sed
703 2180 733 2235 in
756 2194 894 2235 carcerem
912 2179 1007 2235 detru—
1058 2179 1167 2253 (liettlr.
1185 2181 1270 2252 xxvi).
1287 2180 1333 2236 Sic
1348 2181 1554 2252 intelligendum
1572 2190 1634 2237 est:
1650 2180 1703 2250 Qui
1723 2183 1848 2253 judicia·

210 2272 303 2339 «leudi,
322 2279 350 2327 et
376 2270 533 2342 frequenter
547 2271 725 2338 admonendi,
742 2280 773 2326 ut
788 2271 822 2326 ad
840 2270 1007 2327 Clrrlstianae
1058 2273 1097 2329 ria
1114 2281 1248 2344 potestate
1272 2273 1377 2329 abusus
1391 2271 1490 2339 inerit;
1504 2273 1547 2327 vel
1562 2272 1673 2344 injuste,
1687 2289 1738 2329 sna
1753 2284 1850 2330 aucto·

210 2364 272 2418 tldei
298 2362 411 2417 redeant
422 2360 664 2429 veritatem-Ovis
682 2363 765 2417 ctiam
787 2363 941 2418 errabunda
963 2378 1008 2419 oc·
1057 2364 1149 2429 ritate,
1167 2362 1220 2418 sibi
1239 2362 1428 2432 usurpaverit3
1443 2361 1485 2415 vel
1502 2362 1549 2433 qni
1563 2377 1597 2417 cx
1612 2363 1676 2417 odio
1691 2364 1735 2418 vel
1749 2378 1848 2433 super·

210 2454 264 2509 cidi
285 2469 339 2509 rron
354 2454 444 2519 debet,
463 2454 510 2509 sed
522 2454 555 2508 ad
568 2453 663 2510 caulas
676 2452 782 2509 reduci.
803 2454 936 2510 Similiter
949 2455 1007 2511 bse-
1056 2455 1101 2511 bia
1115 2455 1236 2526 gladinin
1252 2455 1398 2525 acceperit,
1423 2454 1514 2527 gladio
1529 2453 1642 2524 peribit,
1659 2456 1711 2511 boc
1725 2463 1768 2512 εει
1780 2471 1849 2512 con·

209 2546 286 2601 retici
313 2544 360 2615 qui
386 2544 573 2600 characterem
593 2542 696 2598 babent
718 2542 931 2613 Christianum,
959 2560 1006 2601 co-
1057 2547 1240 2603 demnabitur.
1258 2547 1337 2614 Quod
1350 2558 1441 2602 autem
1454 2547 1626 2616 Augustinus
1639 2563 1689 2618 pro
1703 2548 1847 2605 sceleratis

209 2636 289 2710 gaudi
314 2644 377 2693 sunt
400 2635 492 2692 verbis
512 2643 540 2689 ει
560 2633 738 2701 verberibus,
765 2641 795 2688 ut
817 2634 851 2690 ad
865 2633 1006 2692 Ecclesiae
1056 2640 1231 2704 intercessit,
1255 2639 1290 2695 dc
1314 2639 1502 2694 misericordia
1530 2639 1597 2708 init,
1621 2655 1677 2696 non
1700 2640 1848 2712 derigere

209 2729 324 2784 redeant
338 2727 483 2783 unitatem.

455 2820 535 2889 272
550 2815 666 2873 CAPUT
681 2816 753 2874 ΧΧΙ.

344 2910 419 2966 idem
434 2911 583 2966 rationibus
601 2911 713 2982 probare
726 2920 865 2966 curvantur.

1056 2730 1179 2801 iustitia.
1196 2729 1348 2801 [iejustitia
1364 2730 1437 2785 enim
1452 2740 1560 2800 poterat
1570 2747 1619 2787 eos
1634 2745 1726 2786 comes
1741 2738 1848 2801 tempo-

1056 2822 1108 2877 rali
1125 2830 1213 2878 morte
1227 2823 1342 2892 punire;
1365 2823 1400 2877 ad
1421 2822 1541 2895 jndicem
1566 2832 1658 2879 autem
1679 2822 1849 2879 ecclesiasti·

1055 2928 1119 2968 cum
1136 2928 1191 2968 non
1211 2913 1330 2983 pertinet
1354 2913 1497 2985 sanguinis
1521 2914 1629 2969 effusio.
1653 2911 1731 2979 Quod
1753 2921 1846 2968 antem

203 3076 204 3079 Ἴ
245 3001 386 3073 blultiplici
401 3004 508 3059 ratione
528 3004 600 3059 idem
622 3005 663 3060 sic
678 3005 796 3075 probare
810 3010 966 3070 conantur;
980 3004 1004 3059 si
1055 3003 1205 3076 Gregorius
1219 3005 1279 3061 ait:
1297 3022 1307 3056 ι
1320 3004 1394 3061 ileus
1407 3005 1562 3075 sanguinis,
1578 3024 1588 3058 ι
1607 3015 1673 3073 etc,
1691 3005 1732 3062 sic
1745 3005 1846 3061 intelli·

208 3093 266 3150 lirae
280 3092 333 3149 luit
346 3094 415 3166 legis
440 3093 568 3150 llosaicae
583 3095 726 3162 severitas,
747 3104 777 3152 ut
797 3093 843 3150 sur
861 3104 1004 3166 cogeretur
1017 3074 1041 3136 c
1056 3098 1175 3168 gendum
1193 3106 1236 3154 est
1258 3098 1331 3167 guod
1350 3096 1384 3152 ad
1407 3095 1528 3168 judicem
1556 3096 1772 3153 ecclesiasticum
1790 3109 1846 3151 non

208 3187 353 3242 restituere
375 3187 490 3252 lurtum,
517 3187 545 3240 in
569 3185 682 3257 duplant
699 3188 742 3243 vel
764 3187 792 3242 in
819 3187 1003 3258 quadruplum
1054 3191 1174 3262 pertinet
1186 3190 1330 3260 sanguinis
1342 3189 1452 3255 allusio,
1476 3189 1523 3245 sed
1538 3190 1572 3245 ad
1585 3189 1709 3260 judicem
1729 3189 1846 3246 saecnla‘·

208 3276 308 3345 (deod.
326 3282 407 3347 surr),
425 3276 491 3349 quid
503 3279 628 3348 estquod
642 3287 765 3349 tempore
777 3277 917 3348 Evangelii
929 3277 1003 3348 qnod
1054 3293 1124 3344 rem,
1141 3278 1187 3347 qui
1200 3277 1320 3346 gladium
1336 3293 1392 3348 quo
1406 3279 1503 3348 puniat
1517 3294 1620 3349 corpus
1635 3287 1746 3350 portat3
1760 3280 1846 3350 judex

206 3369 339 3440 predicat
353 3369 595 3436 misericordiam,
615 3367 661 3423 lur
682 3383 732 3439 pro
755 3366 831 3425 lario
845 3376 934 3423 morte
947 3367 1004 3438 ple·
1053 3383 1119 3424 vero
1144 3367 1361 3435 ecclesiasticus,
1378 3369 1472 3439 potins
1496 3370 1617 3426 animam
1636 3387 1719 3443 quam
1743 3385 1847 3442 corpus

205 3456 309 3512 utitur?
329 3454 427 3511 Nonne
452 3455 641 3511 misericordia
668 3453 810 3527 Evangelii
832 3454 913 3511 debet
929 3470 1001 3525 prac-
1053 3474 1104 3515 sno
1128 3454 1221 3532 gladio
1233 3460 1322 3530 pann.
1336 3459 1371 3515 Et
1393 3460 1465 3517 sicut
1481 3460 1565 3532 judex
1581 3470 1706 3518 terrenus
1722 3476 1778 3518 non
1797 3462 1846 3519 de·

204 3548 332 3617 judicare
356 3547 513 3602 austeritati
532 3545 619 3616 legisl
633 3546 712 3617 Apud
735 3548 821 3619 legem
839 3562 938 3619 magna
956 3548 1002 3618 iu·
1051 3552 1098 3608 liet
1111 3568 1246 3623 usurpare
1269 3552 1389 3610 officium
1414 3553 1605 3620 ecclesiastici,
1632 3554 1671 3610 ita
1686 3569 1738 3611 nec
1754 3554 1844 3610 eccle·

205 3640 349 3693 ditabatur
373 3636 522 3691 austeritas
543 3651 605 3692 esse
631 3637 659 3692 in
675 3637 743 3707 legis
765 3639 867 3695 taliovre
890 3640 1002 3709 quando
1052 3646 1181 3702 siasticus
1196 3646 1307 3701 terreni.
1320 3643 1473 3702 Ecclesiam
1487 3661 1552 3717 ergo
1566 3646 1713 3703 defendere
1730 3647 1845 3719 sangui·

206 3730 274 3784 dens
284 3742 334 3798 pro
348 3725 439 3792 doute,
454 3726 551 3785 ocutus
564 3742 613 3797 pru
624 3729 707 3785 oculo
724 3729 883 3785 solvebatur
898 3728 997 3799 (and.
1051 3737 1095 3793 nis
1106 3737 1255 3804 reos,nilril
1273 3737 1346 3792 aliud
1368 3748 1411 3794 εει
1427 3752 1510 3809 quam
1525 3754 1573 3793 eos
1587 3753 1642 3793 non
1664 3740 1763 3795 debere
1783 3754 1844 3795 cor·

205 3837 269 3886 xxm
293 3818 391 3879 Mollit-
411 3818 455 3890 1),
478 3819 505 3873 in
530 3827 653 3890 tempore
670 3836 737 3877 vero
752 3820 891 3891 Evangelii
913 3822 1000 3876 mulio
1049 3830 1136 3901 porali
1152 3845 1232 3900 prena
1248 3830 1357 3900 punire,
1372 3828 1420 3884 sed
1435 3829 1527 3898 potius
1538 3844 1588 3899 pro
1612 3828 1653 3884 eis
1673 3829 1745 3899 apud
1758 3840 1844 3884 terre»

205 3912 295 3983 major
313 3913 499 3969 videturesse
514 3914 658 3981 severitas,
673 3931 734 3970 cum
754 3930 805 3986 pru
828 3915 1000 3973 abscissione
1049 3920 1506 3992 numjudiceminterccdere.Cvrm
1517 3927 1608 3976 autem
1620 3920 1842 3994 [lominus273

207 4005 290 4061 vinias
303 4006 392 4076 pedis,
407 4013 499 4065 morte
523 4006 671 4061 damnetur
687 4006 758 4063 alius
780 4007 890 4079 (liciti.
905 4006 996 4078 artri).
1048 4015 1102 4069 ait:
1113 4013 1300 4067 Nciomnrtem
1310 4009 1572 4081 peecatorilezeeli.
1585 4012 1736 4083 xvrrrl,non
1746 4012 1844 4069 intelli·

205 4095 272 4163 Quae
286 4107 329 4152 est
353 4096 413 4151 bec
437 4097 638 4162 misericordia,
665 4112 727 4167 qua
752 4097 932 4153 nomicidium
943 4114 996 4168 ap·
1048 4107 1121 4176 gitur
1136 4106 1170 4161 de
1182 4113 1270 4160 morte
1282 4104 1418 4174 eorporis,
1430 4103 1477 4158 sed
1492 4103 1526 4158 de
1547 4110 1636 4158 morte
1651 4104 1751 4159 animae
1764 4123 1772 4159 z
1785 4118 1843 4160 noa

203 4186 312 4256 probat.
338 4185 413 4255 leves
437 4185 604 4255 exasperat?
621 4194 762 4256 praterea,
788 4187 835 4256 qur
856 4186 995 4241 bonitum
1047 4196 1186 4251 vulteum
1197 4195 1436 4258 animamarum,
1451 4192 1497 4248 seu
1508 4193 1598 4263 porrus
1610 4204 1640 4248 m
1654 4201 1841 4262 conversum,

203 4278 304 4334 occidit
320 4277 372 4347 legi
397 4278 490 4332 obviat
506 4278 636 4342 naturali,
653 4293 714 4347 quae
735 4278 821 4333 dicit:
846 4278 922 4344 Quod
948 4278 996 4333 ribi
1046 4291 1074 4338 ει
1083 4283 1157 4336 vivat
1169 4280 1357 4352 spiritualiter.
1367 4278 1512 4335 Deludruis
1523 4290 1614 4337 autem
1623 4280 1752 4348 dicimus,
1766 4285 1842 4353 qnnd

204 4385 257 4426 aron
271 4369 308 4425 uls
324 4370 394 4439 fieri,
419 4370 544 4424 alteriue
562 4369 654 4439 seceris
669 4367 780 4439 lldntrlv.
794 4385 849 4435 vrv;
863 4368 929 4424 Eue.
944 4373 994 4440 vr).
1049 4389 1103 4429 novi
1128 4384 1192 4429 sunt
1208 4372 1362 4429 occidendi.
1380 4370 1408 4425 Si
1421 4370 1443 4403 ‘¹
1462 4382 1551 4427 tamen
1578 4374 1703 4429 laborent
1715 4374 1770 4430 illis
1784 4375 1842 4431 cri·

202 4460 289 4516 Nemo
305 4477 371 4533 ergo
386 4460 466 4517 debet
486 4460 556 4515 velle
577 4460 660 4514 aliurn
685 4460 785 4525 occidi,
802 4461 845 4516 vel
859 4462 995 4528 occidere,

203 4567 266 4607 cum
279 4551 306 4606 id
329 4552 398 4608 nolit
412 4551 471 4606 lleri
487 4550 521 4606 de
539 4564 578 4605 se.
595 4549 663 4604 item
680 4551 806 4621 :Aliquis
822 4552 994 4607 'sideralium

202 4658 264 4699 csse
284 4643 311 4698 in
335 4643 446 4699 nrnrtali
470 4640 616 4713 pecento”
630 4655 681 4696 nec
695 4641 838 4711 paenitere,
854 4650 881 4697 ει
895 4642 932 4696 ita
953 4643 996 4697 di·

203 4740 259 4787 ctat
272 4732 297 4787 ei
313 4731 494 4796 coriscientiau
510 4730 622 4799 quodsi
639 4729 721 4784 modo
733 4738 899 4797 moreretur,
915 4730 993 4786 dam·

202 4833 325 4880 uarctnr.
342 4821 371 4878 Si
383 4839 448 4894 ergo
461 4839 523 4878 eum
536 4823 647 4885 occidit,
661 4823 763 4878 occidit
776 4838 839 4879 eum
857 4825 884 4878 in
901 4825 994 4881 anima

200 4928 228 4974 et
245 4932 372 4989 corpore,
397 4917 480 4972 etita
504 4930 570 4972 reus
585 4925 628 4972 est
649 4915 835 4974 demirationis
858 4917 942 4975 illius.
959 4917 993 4974 Et

201 5020 303 5076 tamen,
317 5023 379 5064 eum
395 5007 539 5078 proximus
549 5006 609 5078 ejus
621 5008 668 5075 sit,
681 5014 790 5063 tenetur
801 5024 864 5065 eum
880 5009 992 5081 diligere

201 5103 273 5157 sicut
288 5116 317 5156 se
329 5101 431 5171 ipsum,
447 5109 475 5156 ει
489 5100 530 5157 sic
544 5099 578 5157 ad
593 5101 677 5157 vitam
690 5110 831 5169 acernam,
853 5111 880 5158 et
895 5117 992 5158 conse-

200 5198 326 5258 quenter,
344 5189 405 5261 ejus
421 5190 564 5259 temporali
589 5189 672 5246 saluti
687 5191 839 5260 providere,
855 5201 885 5247 ut
899 5193 992 5262 provi·

199 5279 436 5340 conveniensi
458 5296 525 5337 vero
548 5282 667 5351 dicatur,
682 5283 756 5354 quod
776 5283 861 5353 judex
883 5282 936 5339 linc
952 5281 992 5337 la-

1049 4465 1181 4529 minibns,
1203 4479 1253 4534 pro
1268 4463 1369 4534 quibus
1389 4463 1432 4517 lex
1453 4463 1538 4518 dictat
1556 4463 1695 4519 bominem
1711 4465 1841 4521 occiden-

1048 4556 1125 4623 dum,
1138 4556 1221 4626 judex
1235 4562 1325 4625 potest
1340 4569 1389 4609 eos
1403 4552 1538 4619 occidere,
1551 4562 1582 4607 nt
1596 4554 1623 4608 in
1640 4554 1693 4610 Ιιοε
1703 4555 1841 4611 deserviat

1047 4651 1111 4720 legi.
1136 4647 1278 4712 Similiter,
1304 4646 1424 4702 lraeretici
1439 4655 1550 4717 propter
1562 4645 1689 4702 baeresinr
1708 4662 1761 4702 non
1774 4657 1840 4704 sunt

1047 4736 1208 4804 occidendi,
1245 4733 1292 4791 scd
1314 4744 1426 4805 propter
1443 4739 1628 4792 clraractercm
1650 4735 1839 4794 Christianum

1046 4842 1127 4895 quem
1137 4827 1248 4891 babent,
1260 4824 1294 4879 ad
1306 4825 1413 4879 caulam
1424 4824 1553 4882 Ecclesiae
1561 4826 1707 4884 reducendi
1719 4838 1793 4884 sunt.
1808 4828 1839 4886 Si

1047 4928 1139 4973 tamon
1154 4916 1208 4972 illis
1218 4916 1339 4987 peccatis
1352 4917 1479 4971 laborant
1492 4918 1593 4989 quibus
1610 4933 1685 4975 mors
1698 4928 1838 4992 tempora·

1046 5009 1081 5065 lis
1097 5009 1222 5075 debetur,
1241 5006 1362 5079 aindicc
1378 5009 1501 5065 saeculari
1516 5010 1608 5079 puniri
1622 5021 1747 5081 possunt,
1761 5014 1784 5069 si
1796 5022 1839 5068 ta·

1046 5116 1109 5157 nien
1136 5115 1184 5157 eos
1204 5100 1301 5171 puniat
1323 5100 1422 5157 intuitu
1446 5100 1571 5171 justitie,
1586 5116 1641 5157 non
1666 5118 1701 5159 ex
1721 5104 1773 5170 ira,
1794 5106 1837 5160 vel

1045 5194 1130 5249 avrimi
1155 5208 1279 5248 rancore.
1302 5192 1339 5247 lte
1362 5192 1423 5248 ture
1448 5194 1567 5250 dicimus
1587 5195 1662 5265 qnod
1684 5195 1835 5260 ordinarle,

1045 5293 1156 5354 propter
1171 5283 1274 5339 lurtvim
1288 5297 1343 5338 non
1360 5283 1458 5340 debeat
1471 5284 1570 5353 occidi,
1586 5285 1635 5341 sed
1650 5286 1710 5357 cogi
1725 5287 1758 5342 a'd
1768 5286 1836 5343 inrtl

847 5390 966 5446 VARlAE
985 5390 1187 5447 Lectiones.

236 5479 260 5511 ⁰⁸
281 5480 530 5553 livimpr‚‚silerc.
569 5484 593 5518 '⁶
608 5484 641 5538 ln
660 5488 751 5553 impin,
769 5484 966 5539 tribuentibus.
1003 5481 1076 5537 “dn
1096 5482 1318 5553 impv.,irntt·es.
1356 5481 1586 5557 ”Augmentunn
1624 5486 1834 5558 ιἸιιίιιιιιιειιιι

199 5550 295 5601 iterum
318 5552 359 5604 bic
383 5555 507 5621 quiedam
533 5566 571 5608 eat
600 5554 740 5623 rovrsusio,
764 5552 828 5606 dum
855 5554 895 5607 ita
910 5554 1019 5624 legitur.
1036 5553 1118 5609 Videt
1140 5554 1224 5608 alium
1249 5568 1311 5610 esse
1328 5555 1467 5623 juniorem
1485 5557 1513 5612 in
1532 5566 1649 5613 mortem
1664 5560 1832 5628 peccaturis.

200 5618 223 5649 ’⁰
245 5615 277 5669 ln
299 5618 390 5687 impr„
409 5624 547 5693 magister.
586 5626 608 5656 ⁰¹
628 5623 662 5678 ln
677 5624 816 5692 inrepresso,
829 5638 877 5692 pro
891 5623 1012 5680 dictante
1028 5624 1148 5705 justitia,
1165 5622 1278 5678 babetur
1303 5628 1451 5683 sententia.
1490 5628 1513 5660 ’¹
1533 5627 1567 5682 iu
1597 5629 1734 5700 inpresso,
1763 5628 1835 5684 maia

197 5686 308 5744 deictus
321 5689 378 5745 scd.
