3992 6042
281 190 336 246 tta
934 185 1040 244 abunt
1059 185 1103 243 bu
1122 187 1256 246 ttlsbtts
1755 232 1758 238 .
1865 188 1922 243 Sil

279 313 416 372 mentum,
430 299 480 375 'per
496 317 557 359 cam
568 300 737 372 §purificatur
752 300 875 358 deiectus
893 303 1067 371 mortaliuin;
1084 303 1160 366 nait
1172 303 1344 375 Augustinus
1361 301 1437 374 quoii
1448 301 1520 357 luter
1531 317 1581 355 roa
1594 301 1648 371 {uit
1663 301 1768 357 iscurra
1786 302 1858 358 llos.
1869 304 1922 360 Sc·

278 398 352 454 undc
375 397 404 452 iu
425 393 536 451 Psalmo
556 413 565 450 ;
586 394 622 448 lt't
637 393 800 463 perrrmreiit
823 411 883 448 eum
911 394 1069 462 role,idest
1119 395 1239 451 cundum
1252 394 1326 465 quod
1348 392 1483 464 signiticat
1505 390 1784 448 iaratmiurndicitur
1811 394 1859 449 trie
1876 395 1921 448 ιιι·

276 487 398 559 ouandiu
430 495 551 556 tempora
567 483 723 554 rolruntur,
750 499 811 556 qliae
831 499 879 555 per
889 482 975 539 solem
1006 481 1068 538 idco
1119 495 1169 552 ter,
1195 486 1275 557 nujus
1299 485 1410 549 luteris:
1427 483 1577 541 secundum
1606 499 1672 540 cero
1691 484 1764 557 quod
1781 486 1921 557 significat

276 581 460 653 accipiuntur,
482 578 547 649 quie
571 578 651 649 Juxta
667 591 778 634 cursum
797 576 865 634 solis
885 582 1068 630 mutanturet
1118 579 1232 642 animal,
1244 577 1396 635 diciturlrie
1410 576 1581 647 terentianas
1595 578 1671 632 lutri.

276 673 483 744 distinguuntur
497 679 637 739 tempora;
658 678 686 723 et
713 678 776 724 uate
799 668 902 733 lunum,
915 667 941 723 id
951 674 994 723 εει
1004 675 1068 721 anto
1153 667 1261 734 Lutum,
1274 669 1392 740 proprie.
1408 666 1515 723 Dicitur
1523 668 1690 740 lromo,quia
1698 669 1732 726 dc
1746 670 1921 728 lutoiorma·

274 765 367 819 omnia
379 773 511 834 tempora,
527 761 591 833 quia
604 762 697 816 omnia
708 759 869 831 temporalia
886 774 936 815 sua
951 759 1067 814 immor·
1117 770 1161 817 tus
1174 761 1397 832 autpiasmatus;
1409 760 1482 816 unde
1495 759 1547 816 iob
1564 780 1573 816 z
1589 760 1731 827 Memento,
1746 779 1850 833 puero,
1862 763 1920 820 Do·

274 855 379 911 talitate
392 854 531 926 praeeedit.
558 853 665 910 Dicitur
696 851 849 907 mortalitas
866 850 973 913 caruis,
992 847 1066 903 unde
1117 855 1199 920 ruine,
1213 858 1281 925 quod
1304 855 1374 909 sicut
1387 853 1476 908 iatum
1488 853 1583 924 seceris
1606 870 1658 911 are.
1674 853 1780 911 Dicitur
1793 857 1918 925 luxuria,

273 947 382 1003 Daridt
408 948 517 1006 orietur
532 948 560 1001 iri
574 946 665 1001 dicius
682 947 739 1016 ejus
756 942 866 1013 justitio
884 951 909 997 et
927 940 1066 995 abundare·
1117 945 1181 1014 quia
1197 944 1268 1001 sicut
1291 944 1379 1001 lutum
1406 956 1499 1012 tenax,
1528 943 1626 1012 icteris,
1644 959 1825 1018 corrumpens
1848 952 1918 1006 :sic

273 1042 311 1098 tiu
320 1040 394 1112 pacis
404 1040 486 1094 donee
499 1040 640 1109 auferetur
650 1035 761 1103 troald
775 1043 817 1090 est
825 1047 877 1103 par
890 1033 952 1101 erit,
964 1032 1063 1100 douec,
1116 1035 1225 1091 luxuria
1239 1045 1320 1093 term
1338 1046 1392 1105 est,
1407 1035 1484 1107 quia,
1501 1051 1582 1106 quem
1601 1036 1686 1093 semel
1699 1040 1782 1109 capit,
1801 1040 1847 1095 rix
1863 1041 1916 1096 de·

271 1142 361 1190 morte
373 1133 523 1197 destructa,
536 1133 592 1203 jam
608 1146 663 1187 non
685 1129 722 1185 sit
737 1126 829 1183 earnis
840 1127 992 1181 mortalitas
1004 1140 1066 1195 quac
1117 1127 1193 1183 serit.
1209 1125 1308 1182 terens
1320 1136 1374 1195 est,
1391 1126 1457 1196 quia
1478 1124 1544 1181 letet
1554 1127 1626 1196 apud
1649 1124 1747 1196 Deum,
1758 1127 1825 1185 fetet
1839 1132 1915 1201 apud

271 1243 321 1298 per
335 1226 429 1283 lunam
449 1225 630 1296 significatur.
644 1223 749 1280 Dicitur
769 1203 889 1276 bumana
902 1219 1003 1275 Christi
1016 1232 1065 1274 na·
1115 1220 1255 1291 angelum,
1270 1217 1336 1274 letct
1351 1233 1399 1289 per
1411 1217 1554 1274 infamiam
1570 1219 1641 1290 apud
1654 1220 1830 1290 proximum,
1847 1238 1912 1280 cor·

272 1329 343 1385 turra,
360 1317 431 1373 unde
444 1317 471 1371 in
487 1313 597 1372 Psalmo
614 1333 621 1370 ε
638 1314 690 1369 Per
700 1313 769 1367 diem
784 1311 825 1365 sol
840 1326 892 1364 aron
903 1317 960 1363 uret
969 1319 1005 1375 te,
1020 1324 1066 1362 rre-
1115 1326 1248 1383 rumpens
1259 1320 1312 1378 cst,
1333 1310 1399 1382 quia
1423 1309 1576 1381 corrumpit
1597 1325 1697 1381 corpus
1721 1319 1749 1367 ct
1773 1313 1910 1381 animam

268 1428 320 1483 que
341 1411 472 1479 iusuper
494 1418 614 1473 uortem,·
631 1413 707 1461 etest
724 1418 824 1460 seusus
839 1420 847 1457 t
864 1400 894 1457 Si
913 1401 1066 1471 protexerit
1115 1404 1187 1459 uude
1209 1403 1236 1457 ιιι
1259 1401 1390 1458 Psalmo:
1417 1400 1452 1457 lit
1477 1402 1563 1456 lutum
1573 1401 1721 1474 piotemm
1741 1404 1833 1459 delebo
1854 1421 1912 1462 eos.

271 1512 297 1558 te
315 1499 452 1566 Christus,
480 1498 521 1556 sol
546 1511 601 1552 non
620 1505 682 1551 uret
704 1506 730 1550 te
746 1507 794 1564 per
806 1492 890 1557 diem,
905 1491 931 1546 id
953 1499 1063 1546 estnon
1115 1494 1220 1552 Dicitur
1230 1495 1406 1567 profunditas
1424 1497 1541 1567 pcccati,
1565 1497 1639 1553 unde
1653 1495 1761 1552 Dauid:
1781 1497 1912 1558 Edusirti

269 1592 377 1648 errabis
393 1592 425 1645 -in
443 1589 586 1646 dirirritate
608 1588 666 1643 sire
682 1587 710 1642 in
730 1584 863 1656 sapientia
888 1581 935 1637 Dei
949 1600 957 1649 ;
974 1597 1064 1652 nequis
1114 1605 1156 1642 me
1171 1590 1203 1643 ae
1219 1590 1282 1643 tacu
1301 1588 1416 1644 „riperto
1430 1597 1455 1643 er
1468 1589 1566 1643 delato
1577 1589 1661 1659 [acta.
1676 1588 1783 1646 bicisus
1801 1596 1911 1665 appeti.

271 1686 334 1739 luna
347 1691 407 1738 uret
426 1691 452 1738 te
464 1690 648 1751 pernoctem,
663 1678 690 1734 id
707 1686 750 1735 est
760 1693 814 1734 non
833 1673 1063 1732 scandalizaberis
1080 1650 1100 1704 Β
1115 1691 1159 1736 ius
1177 1691 1360 1746 terrenorum,
1371 1679 1548 1737 undePetrus
1563 1698 1570 1737 ε
1586 1680 1723 1752 Tanquam
1735 1684 1817 1738 sarto
1832 1685 1910 1740 ιρι..

269 1777 297 1831 ιιι
313 1791 406 1845 earne,
416 1775 442 1832 id
454 1783 497 1831 est
510 1791 564 1830 non
577 1773 684 1829 errabis
692 1772 720 1827 in
731 1770 889 1842 cognitione
897 1767 1061 1832 divinitatis,
1114 1771 1190 1826 rubro
1205 1772 1267 1828 luti.
1284 1771 1390 1829 Dicitur
1412 1771 1517 1840 ludera,
1535 1773 1607 1829 uude
1618 1774 1645 1829 iu
1658 1771 1710 1829 lob
1724 1774 1912 1833 :Destituetur

269 1884 321 1927 nec
346 1869 374 1924 in
395 1866 551 1940 cognitione
572 1865 762 1922 humanitatis.
789 1863 895 1920 Dicitur
920 1859 1063 1931 depressio
1113 1863 1386 1935 lutunisipnuculum,
1413 1875 1438 1920 et
1459 1863 1541 1920 stelit
1562 1864 1837 1922 ricutuestimcrtum.
1853 1868 1909 1922 Do·

268 1976 331 2030 uuae
346 1958 495 2030 aliquando
509 1973 543 2013 er
555 1956 679 2013 aduersis
691 1955 833 2027 provenit;
848 1962 876 2010 et
889 1962 929 2011 εει
940 1968 1039 2011 sensus
1053 1971 1060 2007 ι
1112 1955 1319 2026 minusplcbem
1337 1954 1512 2013 israeliticam
1528 1965 1559 2012 ut
1573 1958 1659 2013 lutum
1671 1958 1783 2028 reperit,
1796 1961 1910 2029 quando

268 2051 316 2108 Sol
326 2068 378 2107 oon
391 2059 449 2106 uret
463 2059 488 2105 te
499 2049 639 2121 perdicae,
661 2046 741 2104 idest
761 2061 818 2103 non
833 2044 922 2101 ureris
943 2043 1062 2100 clatione
1112 2060 1173 2103 earn
1184 2047 1345 2103 idololatriae
1358 2047 1477 2103 deditam
1497 2047 1616 2114 invenit,
1628 2062 1711 2119 quam
1726 2063 1789 2104 curn
1804 2059 1844 2107 tot
1856 2052 1910 2106 mi·

267 2141 476 2218 pr·ospcritatis;
490 2155 571 2212 reque
591 2138 716 2208 iusuper
730 2135 933 2205 raoetem,idcst
947 2150 998 2191 nec
1013 2133 1062 2190 dc·
1112 2140 1213 2194 reculis
1228 2139 1261 2194 ad
1276 2147 1377 2195 terram
1390 2139 1583 2210 promissionis
1598 2138 1688 2206 duxit,
1705 2140 1786 2209 quasi
1802 2151 1908 2213 myste-

267 2235 409 2305 pressione
430 2230 605 2290 adversitatis
620 2228 793 2286 succumbes.
1111 2230 1145 2285 rii
1171 2229 1343 2301 signaculum
1368 2229 1443 2286 lecit.
1477 2228 1581 2286 Dicitur
1611 2242 1781 2290 terrenarum
1813 2249 1907 2290 rerum

305 2326 407 2398 Luper,
421 2323 542 2397 proprie.
557 2322 663 2379 Dicitur
677 2320 820 2389 diabolus;
836 2319 908 2375 unde
924 2319 952 2374 in
965 2316 1058 2373 Eran·
1111 2320 1395 2391 multiplicitas‚{unde
1414 2321 1547 2392 propbeta
1563 2340 1571 2377 ι
1593 2320 1637 2379 Ver
1648 2326 1672 2378 ei
1682 2325 1727 2395 pei
1741 2324 1907 2396 multiplicet

266 2419 358 2493 pelio:
380 2416 470 2487 Lupus
497 2416 603 2487 rupitet
618 2414 743 2485 dispersit
764 2430 834 2482 orer,
859 2413 937 2484 iupus
954 2412 1073 2469 territet.
1111 2428 1234 2479 eoosuu,
1254 2424 1381 2483 approbat
1396 2422 1489 2466 coutro
1504 2430 1532 2468 re
1554 2412 1664 2469 dearum
1686 2414 1795 2470 lutum!
1812 2415 1907 2472 Denso

266 2509 445 2565 mercenarius
457 2508 546 2579 [apim
561 2505 637 2576 quia,
652 2519 714 2561 cum
728 2504 856 2563 diabulus
864 2504 961 2576 surgit,
973 2503 1059 2559 laicus
1109 2503 1183 2559 enirn
1192 2503 1286 2560 lutose
1294 2513 1434 2577 aggravat,
1444 2504 1491 2575 qui
1504 2506 1701 2574 perararitiam
1713 2518 1821 2564 terrena
1832 2509 1907 2564 mula

266 2611 362 2675 pastor
382 2616 477 2657 curam
502 2598 694 2656 sollicitudinis
712 2613 768 2655 uon
792 2598 883 2666 babet,
908 2607 935 2654 et
953 2598 984 2653 in
997 2595 1058 2652 l'ita
1111 2595 1223 2668 tiplicat.
1232 2595 1338 2652 Dicitur
1349 2612 1427 2653 mens
1435 2595 1538 2668 Spiritu
1549 2609 1644 2655 sancto
1656 2601 1904 2672 illustrataunde:

266 2694 339 2752 beati
349 2693 458 2749 liertiui
479 2691 579 2764 iegitur
594 2709 602 2748 ι
618 2690 675 2747 Cur
692 2705 750 2757 not,
769 2687 859 2758 Pater,
880 2689 991 2753 deseris,
1011 2697 1059 2743 out
1109 2687 1250 2755 Derceto,
1266 2688 1386 2755 Domine,
1401 2690 1471 2760 quod
1486 2691 1554 2746 sieut
1569 2690 1654 2746 lutum
1665 2692 1760 2763 [escrit
1771 2710 1821 2749 rite.
1840 2693 1907 2752 Sic-

266 2801 315 2841 cur
327 2800 373 2841 ror
395 2783 526 2840 desolatos
543 2780 691 2853 relinquit?
717 2781 841 2836 inundent
863 2780 933 2834 euim
955 2793 1057 2850 prepem
1108 2785 1139 2833 ut
1164 2778 1252 2833 lutum
1268 2778 1369 2850 quippe
1383 2780 1467 2835 bomo
1488 2788 1581 2837 noster
1593 2781 1709 2839 interior
1722 2783 1823 2851 existit,
1835 2786 1903 2855 quia

267 2888 343 2933 tuum
353 2876 409 2948 lupi
424 2890 544 2945 reparer.
559 2871 665 2930 Dicitur
684 2883 789 2943 raptor,
806 2871 879 2927 unde
901 2869 1055 2942 propheta:
1108 2866 1227 2939 Spiritus
1239 2872 1326 2927 sancti
1336 2872 1423 2942 gratia
1436 2880 1549 2928 terrenas
1558 2876 1641 2929 menti
1653 2875 1817 2943 infunditur,
1827 2880 1903 2934 utad

267 2968 409 3025 Dubitabit
431 2968 510 3039 lupus
534 2982 595 3022 eam
607 2980 686 3037 apro.
702 2963 773 3032 Quid
784 2964 859 3021 cuim
879 2977 928 3034 per
948 2963 1054 3033 lupum,
1070 3001 1091 3058 c
1109 2961 1275 3018 intellectum
1292 2964 1335 3021 sui
1350 2964 1508 3022 conditoris
1516 2965 1648 3039 erigatur.
1658 2966 1763 3025 Dicitur
1775 2970 1903 3027 doctrina
1980 2981 1981 3002 ι

265 3062 320 3119 uisi
334 3060 438 3133 rapinis
453 3058 614 3126 inhiantem,
629 3065 657 3113 et
672 3056 738 3129 quid
752 3072 801 3129 per
812 3071 924 3128 agnum,
936 3055 991 3111 nisi
1005 3055 1057 3110 mi·
1108 3054 1250 3111 sordidum
1269 3056 1389 3126 sapiens,
1413 3058 1484 3114 uude
1500 3057 1656 3130 Propheta:
1676 3059 1752 3115 Vterer
1772 3063 1859 3133 [eristi
1871 3065 1901 3118 ιιι

265 3167 320 3211 tem
338 3153 488 3225 intelligere
508 3151 658 3218 debemus3
686 3150 769 3221 lupus
792 3158 884 3204 autem
905 3162 968 3204 cum
984 3160 1057 3217 agno
1110 3147 1266 3219 urericquie
1293 3149 1402 3215 tuis,irr
1426 3150 1624 3221 iutooquurrurr
1647 3155 1903 3227 statutumquam

265 3245 381 3313 babitat,
394 3246 459 3317 quia
468 3260 516 3316 per
529 3251 631 3300 sanetae
644 3240 786 3298 charitatis
807 3237 888 3295 tidem
909 3239 937 3294 iu
960 3247 1055 3296 sancta
1106 3237 1180 3294 dicat
1196 3255 1203 3290 ι
1219 3237 1359 3309 aperuisti
1379 3239 1431 3296 iter
1454 3241 1676 3311 predicatoribus
1694 3244 1765 3298 iuter
1790 3244 1901 3301 doctri-

264 3336 388 3396 Ecclcsia
419 3337 448 3394 ιιι
474 3337 521 3408 qui
537 3334 678 3391 insaculo
699 3340 823 3403 raptores
844 3329 966 3398 iucruut,
991 3345 1055 3387 cum
1107 3348 1171 3389 riam
1187 3333 1330 3389 sordidum
1356 3334 1515 3405 sapientem.
1537 3332 1642 3390 Dicitur
1661 3335 1744 3390 etiam
1764 3334 1902 3394 desiderii

264 3428 417 3486 mansuetis
430 3442 463 3484 ae
492 3427 605 3482 mitibus
638 3423 847 3494 conquiescunt.
874 3420 979 3477 Dicitur
1012 3429 1056 3493 ty·
1106 3424 1225 3481 carnalis
1250 3424 1394 3493 illecebra,
1416 3425 1490 3483 unde
1509 3424 1591 3482 Dauid
1607 3444 1615 3480 z
1632 3425 1766 3496 Eripere
1780 3427 1813 3482 de
1827 3428 1899 3486 luto.

264 3539 369 3580 rannus
382 3535 550 3593 persequens
564 3518 712 3574 Ecclesiam
728 3514 789 3581 Dei,
802 3514 874 3569 unde
888 3516 915 3569 ιιι
930 3513 1055 3587 Esarrge·
1105 3514 1177 3573 Luto
1209 3515 1342 3571 inliaerere
1362 3524 1405 3572 εει
1428 3516 1547 3572 sordidis
1574 3514 1718 3572 desideriis
1744 3516 1897 3587 inquinari.

263 3616 301 3672 iio
317 3634 324 3670 ι
342 3611 522 3668 Merceneriut
530 3617 555 3663 et
573 3607 618 3678 qui
630 3622 680 3660 nora
696 3613 734 3660 ert
749 3613 851 3675 partor,
863 3604 951 3660 uideor
963 3604 1055 3676 lupum
1141 3605 1222 3674 Due,
1237 3606 1363 3678 proprie,
1388 3605 1537 3675 Christus;
1561 3606 1635 3662 uuile
1655 3623 1662 3660 :
1684 3604 1742 3677 Epo
1766 3623 1824 3660 turri
1848 3608 1898 3662 lua

263 3689 418 3770 seuientem,
440 3700 519 3771 sepit.
536 3698 641 3755 Dicitur
664 3711 832 3769 persequens
854 3696 1053 3766 Christianum,
1105 3697 1209 3755 meridi.
1229 3695 1362 3754 Dicuntur
1373 3683 1543 3769 gentiles'rd
1564 3698 1645 3753 lldcm
1662 3697 1785 3753 conuersi
1799 3739 1807 3765 ,
1823 3699 1898 3754 undu

263 3800 336 3855 unde
351 3798 379 3852 in
390 3793 539 3865 Evangelio
550 3811 557 3849 :
569 3783 638 3847 lr'ece
653 3807 700 3863 epu
711 3792 788 3847 mitto
802 3807 857 3858 ros,
868 3791 937 3846 sicut
955 3806 1013 3846 ouer
1025 3791 1053 3846 itt
1105 3792 1253 3863 Apostolus
1267 3810 1277 3850 ε
1297 3789 1392 3847 Eratis
1410 3790 1556 3862 aliquando
1570 3793 1703 3857 turrice,
1719 3808 1788 3846 aune
1807 3802 1897 3847 autera

262 3890 348 3947 aredio
371 3888 504 3960 luporum.
526 3884 629 3942 Dicitur
642 3883 783 3957 hypocrita
795 3883 844 3955 qui
864 3883 935 3940 alios
952 3883 1055 3954 decipit
1105 3885 1153 3941 lue
1170 3887 1198 3941 io
1216 3883 1342 3940 Domine.
1366 3881 1502 3939 Dicuntur
1525 3883 1718 3954 praedicatores
1739 3883 1848 3947 salicti,
1865 3892 1897 3939 ut

260 3982 334 4040 laisa
349 3981 493 4052 religiono,
510 3977 583 4033 unde
596 3977 624 4032 in
639 3974 787 4047 Evangelio
802 3993 809 4031 :
824 3973 957 4030 Attendite
973 3973 1054 4045 esul-
1104 3975 1243 4048 apostoli,
1267 3975 1341 4031 unde
1361 3974 1390 4032 in
1414 3973 1585 4047 Evangelio:
1605 3974 1655 4030 l’os
1669 3975 1733 4031 eriis
1753 3975 1800 4029 lue
1814 3975 1895 4046 liujus

260 4079 299 4132 ris
310 4073 456 4147 prophetia,
468 4081 533 4138 cte,
548 4071 605 4140 lapi
620 4084 738 4138 rapaces.
753 4067 857 4124 Dicitur
868 4066 970 4124 Paulus
983 4082 1053 4137 apo·
1104 4068 1208 4125 mundi.
1223 4066 1331 4124 Dicitur
1351 4067 1440 4124 nubes
1455 4066 1563 4135 lucida,
1578 4068 1650 4124 unde
1668 4067 1696 4122 in
1711 4066 1779 4123 ch.
1798 4086 1805 4122 ι
1828 4065 1895 4125 Fiet

260 4165 439 4234 stolus,unde
452 4164 480 4219 in
494 4161 729 4219 benedictionibus
737 4159 823 4216 Jacob
835 4179 843 4216 ι
853 4160 995 4231 Beniamin
1010 4160 1053 4216 lai·
1103 4160 1151 4215 lue
1161 4169 1186 4215 et
1202 4159 1275 4230 secte
1287 4167 1326 4215 ert
1340 4158 1399 4225 lua,
1417 4156 1443 4212 id
1459 4165 1503 4213 est
1517 4157 1605 4213 nubes
1623 4156 1714 4212 lucida
1729 4171 1790 4227 quae
1805 4156 1893 4212 riccur

259 4274 309 4328 par
324 4269 421 4325 rupee,
452 4267 528 4307 more
550 4251 688 4306 comederis
705 4250 835 4322 predam,
860 4266 963 4321 uespere
981 4251 1052 4306 dioi-
1103 4250 1170 4307 solis
1180 4249 1311 4306 obtinuit.
1327 4248 1431 4306 Dicitur
1441 4249 1533 4305 diviua
1545 4256 1655 4314 natura,
1669 4246 1741 4302 unde
1754 4248 1782 4303 in
1806 4246 1893 4317 lipoc.

259 4365 323 4403 ocris
339 4345 425 4418 spolie
435 4361 446 4410 ,⁹
456 4343 560 4399 Paulus
574 4342 659 4409 eninr,
680 4341 728 4413 qui
750 4339 804 4397 tuit
815 4342 849 4397 dc
863 4341 936 4397 tribu
950 4339 1050 4412 Benja-
1066 4351 1090 4408 Ι)
1103 4344 1138 4400 (ιε
1152 4342 1208 4399 Deo
1219 4342 1321 4399 dicitur
1336 4361 1343 4397 ι
1365 4341 1419 4408 Qui
1437 4341 1541 4396 dubitet
1565 4339 1652 4395 lucem
1672 4339 1891 4396 inaccessilibus.
1976 4379 1977 4396 ι

259 4435 364 4503 mimia
375 4449 466 4500 marre,
478 4432 505 4489 id
516 4441 557 4488 est
565 4431 592 4486 ιιι
603 4431 756 4502 juventute,
770 4438 931 4502 persecutus
943 4441 986 4487 cst
999 4429 1052 4487 lte·
1103 4433 1209 4491 Dicitur
1221 4434 1277 4491 rita
1300 4443 1421 4501 aeterna,
1443 4432 1516 4492 unde
1529 4451 1539 4489 ε
1552 4430 1614 4486 Lite
1629 4443 1728 4488 reterre
1742 4432 1831 4487 irreut
1842 4435 1891 4490 eis.

260 4526 372 4583 ciceiam
385 4523 444 4591 Dei,
463 4538 525 4580 cam
542 4521 736 4594 depraedando,
755 4533 867 4578 sanctos
889 4521 918 4576 in
940 4536 1051 4579 carcere
1102 4523 1207 4582 Dicitur
1219 4526 1334 4597 angelus
1347 4525 1447 4590 bouus,
1464 4511 1537 4580 unde
1548 4524 1575 4579 iu
1587 4522 1656 4580 Gen.
1673 4539 1680 4578 r
1697 4523 1793 4580 Diuisit
1806 4518 1893 4579 luetur

259 4615 424 4685 cruciando,
437 4615 484 4673 scd
499 4629 620 4687 vespere,
635 4613 662 4670 id
674 4613 748 4670 estin
760 4621 910 4680 senectute,
921 4610 956 4667 ad
968 4612 1049 4668 iidem
1102 4634 1118 4672 a
1134 4617 1267 4687 terebris,
1290 4616 1318 4673 id
1341 4626 1384 4674 cst
1405 4616 1493 4674 bonos
1515 4616 1628 4687 angelos
1644 4631 1661 4671 a
1679 4616 1772 4674 malis.
1788 4617 1894 4674 Dicitur

260 4723 409 4767 conversus
431 4706 516 4777 spolia
530 4705 633 4771 diuisit,
646 4704 725 4759 idest
738 4718 808 4772 quos
821 4702 947 4759 diabolus
961 4702 1051 4773 possi·
1101 4718 1210 4780 tempus
1226 4708 1377 4780 operandi,
1401 4707 1474 4764 unde
1496 4708 1525 4763 in
1541 4705 1689 4779 Evangelio
1706 4726 1713 4762 :
1737 4707 1891 4777 Arulalute,

259 4802 341 4859 debat
351 4814 400 4856 sua
416 4794 609 4868 predicatione
624 4794 649 4850 ei
664 4793 786 4850 absltllii·
1100 4801 1164 4856 darre
1174 4803 1259 4857 lucem
1270 4799 1384 4869 boletis,
1400 4816 1432 4856 rte
1443 4800 1556 4855 terrebere
1568 4793 1613 4855 uos
1623 4800 1832 4870 apprehenderit.
1846 4799 1890 4857 Di·

291 4891 441 4958 Lustrum,
464 4886 576 4958 proprie
606 4886 725 4957 biblium
751 4900 872 4955 quinque
893 4899 1047 4954 ²¹¹¹¹⁰f⁰¹⁰3
1099 4895 1171 4951 citur
1196 4894 1287 4964 sides,
1311 4895 1415 4966 gratim
1442 4893 1515 4949 uude
1532 4893 1618 4951 lsaias
1634 4910 1642 4950 z
1656 4892 1850 4950 Huditurtiiss
1864 4898 1890 4950 iu

258 4988 331 5043 uncle
350 4986 377 5040 iu
392 4978 824 5056 lrymnozburtruseequijem.
844 4976 1048 5037 Dicitursaitus
1100 4986 1203 5056 repiune
1232 4985 1332 5041 umbre
1359 4986 1474 5051 mortis,
1493 4983 1540 5039 lex
1563 4994 1624 5040 orto
1645 4994 1685 5040 est
1709 4986 1758 5042 eis.
1787 4984 1892 5042 Dicitur
1974 4989 1975 4996 ’

257 5092 411 5138 nemorum.
425 5074 497 5130 unde
510 5073 539 5128 in
555 5071 715 5127 auctoribus
733 5069 888 5142 frequenter
905 5071 1004 5144 legitur
1015 5073 1048 5128 de
1098 5077 1213 5133 scicntia
1223 5078 1266 5134 rel
1280 5077 1407 5146 felicitas,
1419 5077 1491 5134 unde
1500 5076 1633 5140 Salomon
1645 5096 1653 5132 :
1665 5076 1727 5133 Lus
1738 5077 1809 5148 justi
1821 5095 1891 5133 sera·

258 5169 351 5225 lustris
365 5167 496 5232 ierarum,
511 5164 582 5222 unde
599 5163 732 5219 lustrabat
748 5163 835 5220 lustru
850 5167 979 5234 [ererum.
1000 5163 1047 5220 Di·
1097 5172 1225 5240 pererit,
1241 5171 1289 5226 tue
1308 5170 1451 5241 impiorum
1464 5170 1660 5243 exstirparetur,
1675 5170 1703 5226 id
1717 5157 1762 5226 cst
1775 5171 1889 5228 scicntia

256 5263 329 5317 citur
342 5259 473 5330 expiatio,
487 5258 561 5314 unde
577 5256 691 5313 Dridius
703 5256 738 5313 de
752 5256 878 5329 pentibus
888 5271 950 5328 quae
963 5254 1046 5313 lacie-
1097 5260 1139 5315 rel
1154 5259 1281 5318 felicitas.
1294 5260 1401 5318 Dicitur
1414 5261 1614 5330 manifestatio,
1634 5261 1707 5317 unde
1719 5261 1746 5316 ιιι
1760 5259 1888 5317 loannc:

257 5351 323 5405 baut
335 5349 470 5405 lustra...
1098 5349 1150 5418 Qui
1165 5368 1205 5406 me
1217 5351 1285 5420 odit,
1300 5352 1370 5422 aput
1384 5351 1440 5407 odit
1456 5351 1555 5410 iucem.
1567 5351 1795 5409 Diciturclaritas
1804 5355 1887 5418 acris,

291 5438 373 5492 Later
393 5439 503 5508 proprie
513 5436 687 5502 lavatorium,
698 5436 770 5493 uude
781 5436 914 5509 legiturin
925 5436 1043 5510 libliess.
1096 5443 1169 5499 uude
1193 5443 1220 5498 in
1238 5443 1320 5499 catal.
1336 5441 1518 5512 :Deucalione
1529 5444 1577 5498 lua
1589 5454 1614 5500 et
1629 5444 1752 5510 terebro,
1763 5443 1886 5499 Dourion.

257 5529 328 5596 qiaod
355 5527 482 5582 Salomon
502 5528 564 5597 tecit
581 5528 668 5582 decern
692 5528 800 5584 luteres.
823 5528 928 5585 Dicitur
942 5530 1044 5587 animal
1096 5532 1202 5591 Dicitur
1214 5534 1301 5605 gloria
1317 5536 1359 5591 vel
1372 5536 1543 5607 prosperitas
1555 5537 1700 5608 presentis
1712 5536 1784 5603 rite,
1797 5537 1885 5592 uude:

257 5620 330 5680 ouud
355 5619 459 5676 habitat
473 5620 501 5676 iu
526 5622 606 5694 aquis
633 5631 662 5679 et
692 5622 778 5679 utitur
796 5622 948 5694 piscibus;
971 5626 1044 5682 unde
1097 5623 1192 5681 li'orrne
1210 5626 1257 5681 lue
1273 5626 1349 5697 impii
1363 5626 1572 5699 errtiapurturi
1592 5627 1658 5699 quia
1684 5627 1803 5701 fugitiva:
1825 5629 1887 5685 uita
