3992 6042
118 221 178 281 801
520 214 787 276 utsutltcrtoltlts
804 210 995 273 altitonus
1016 213 1142 270 siletis.
1162 244 1198 256 -
1217 209 1370 272 FUN-GEN
1597 255 1604 268 .
1701 209 1757 268 8⁰2

115 337 377 409 compunctionem.
389 333 487 406 Signat
503 335 586 389 etiam
603 335 711 404 lapsum
727 335 856 390 humarum
869 348 915 387 na·
929 338 951 396 Α
965 347 1031 386 mon
1051 350 1058 385 ι
1077 327 1226 384 Funicalm
1246 329 1343 398 triplex
1362 326 1468 399 difficile
1491 327 1635 398 rumpitur,
1650 327 1756 384 scilieet

116 438 206 496 turae,
221 430 294 485 unde
314 430 342 484 in
364 425 439 482 iob:
458 425 545 481 Homo
569 429 666 482 transit
686 428 756 482 sicut
771 427 862 497 {umus
882 441 916 480 eu
965 422 1045 487 tues,
1057 436 1120 490 spes
1136 429 1164 475 et
1181 420 1312 475 citaritas.

118 535 199 574 urea.
210 518 315 574 Dicitur
339 517 494 574 obscuritas
508 533 595 573 sacrm
613 517 773 586 Scriptura,
786 516 858 572 unde
871 515 914 570 dl·
1003 509 1063 566 Fur
1077 512 1198 582 proprie.
1214 510 1320 565 Dicitur
1335 510 1417 565 etiam
1433 509 1492 566 dies
1504 510 1611 581 judicii,
1633 510 1704 564 uelde
1727 511 1756 564 in

117 611 219 667 citur:
232 609 300 664 Tota
316 610 422 673 domus,
441 607 468 664 id
483 618 526 665 est
537 617 594 665 tota
612 606 765 678 Scriptura,
784 606 861 677 plena
875 615 915 662 ert
965 602 1119 672 Apostolos
1136 601 1197 657 Dice
1212 601 1319 656 Domini
1330 603 1398 657 sient
1413 603 1458 671 [ur
1470 602 1591 662 instincte,
1609 600 1648 656 ita
1661 611 1754 656 censet.

118 704 210 773 fumo,
225 702 251 755 iri
270 710 312 756 est
331 701 510 757 obscuritate.
525 699 630 757 Dicatur
649 700 799 772 caliginosa
820 698 916 755 dubie·
966 697 1073 755 Dicitur
1083 697 1166 753 etiam
1182 698 1310 767 praelatos
1326 697 1514 751 mercenarius
1532 696 1579 766 qui
1600 711 1648 765 per
1670 697 1756 751 simo

118 802 179 857 tas,
192 792 264 846 unde
280 790 367 845 inlob
377 791 411 846 de
422 789 534 846 Christo
548 789 650 846 elicitur
666 808 673 843 ε
690 791 727 844 Dc
737 789 914 860 naribuscjua
966 789 1042 843 uiam
1058 787 1171 843 intrarit
1186 787 1331 851 honorem,
1348 787 1420 842 unde
1439 787 1467 840 in
1482 786 1586 842 ioanne
1601 786 1681 851 :Qui
1704 802 1756 840 non

117 884 241 952 procedit
259 883 364 951 fumum·
379 881 473 936 lttmus
487 881 522 936 de
543 882 657 937 naribus
674 885 822 953 procedere
842 881 910 936 dici·
966 879 1050 935 itttrat
1062 880 1220 950 parantium
1234 880 1338 933 ianuile
1352 879 1563 948 uoluminum.
1580 878 1685 933 Dicitur
1699 880 1756 933 lrae·

119 986 179 1035 tur.
192 976 255 1043 quia
268 974 511 1029 alenriracuiorum
527 973 619 1029 infidis
634 973 668 1029 ad
684 981 854 1028 momentum
873 985 917 1027 ca·
966 971 1081 1033 reticos,
1104 969 1177 1025 unde
1193 970 1221 1023 in
1234 968 1382 1035 Evangelio
1399 988 1406 1022 :
1424 968 1482 1021 i'ur
1496 985 1549 1023 non
1568 969 1637 1022 uetuit
1654 969 1707 1023 nisi
1727 977 1757 1023 ut

119 1065 241 1134 iigiuosa
255 1063 382 1118 dubietas
395 1062 478 1117 etiam
505 1062 532 1115 in
547 1062 698 1117 electorum
717 1060 850 1116 cordibus
867 1072 916 1130 ge·
967 1070 1082 1126 moctet;
1094 1071 1122 1116 et
1135 1061 1200 1115 aiibi
1216 1060 1243 1114 in
1256 1058 1365 1115 Psalmo
1379 1060 1427 1115 :Si
1442 1060 1547 1114 ridebas
1558 1061 1655 1129 iurent,
1667 1079 1757 1116 curre·

120 1164 247 1209 necatur.
967 1151 1014 1206 bas
1034 1168 1095 1205 curn
1108 1168 1150 1218 eo,
1174 1161 1229 1206 etc.
1253 1150 1359 1207 Dicitur
1378 1151 1504 1206 Cirr-istus
1523 1153 1565 1207 rei
1581 1167 1666 1218 ritors,
1686 1154 1759 1208 urrde

159 1243 258 1310 Funis,
279 1245 405 1317 proprie;
425 1244 497 1300 unde
512 1244 540 1298 in
555 1243 604 1298 lib.
620 1241 746 1299 lodicum
758 1257 807 1312 per
821 1241 916 1299 luncm
966 1243 995 1299 in
1010 1241 1157 1313 Evangelio
1177 1261 1185 1298 s
1201 1240 1232 1298 Si
1249 1243 1329 1296 sciret
1342 1242 1541 1313 paterfamilias
1557 1258 1609 1313 pua
1624 1242 1691 1297 liora
1712 1243 1758 1313 [ur

119 1336 233 1391 dimissi
258 1344 322 1391 sunt
351 1336 551 1406 exploratores.
577 1333 681 1390 Dicitur
703 1349 763 1390 sors
789 1333 847 1388 sive
862 1333 918 1388 bae·
967 1336 1078 1392 ueniret.

119 1427 238 1493 reditus,
255 1428 328 1483 uude
345 1427 372 1482 in
387 1427 498 1483 Psalmo
514 1423 627 1480 :Funes
642 1426 793 1480 ceciderunt
809 1424 875 1478 milri
887 1423 916 1477 in
1004 1424 1104 1493 Furor,
1114 1425 1235 1496 proprie,
1251 1434 1293 1480 cst
1303 1424 1423 1481 vindicta
1435 1424 1544 1492 diuina3
1558 1425 1630 1480 unde
1641 1425 1668 1480 in
1680 1423 1757 1481 Psal-

119 1521 273 1592 praeciorir.
298 1520 406 1576 Dicitur
431 1528 538 1574 terrena
559 1519 698 1590 uoluptas,
717 1518 789 1573 ttrtde
807 1516 914 1572 isaias:
966 1535 1014 1577 mo
1029 1539 1036 1577 ε
1050 1520 1172 1587 Domine,
1192 1535 1225 1573 ne
1247 1521 1275 1572 in
1298 1518 1388 1587 surore
1401 1529 1446 1573 tun
1461 1535 1559 1589 orpuas
1583 1535 1632 1572 nae.
1653 1518 1758 1574 Dicitur

126 1612 176 1669 Vae
186 1615 231 1685 qui
244 1612 353 1667 trahitis
365 1612 534 1682 iniquitatem
549 1611 714 1681 infuniculis
728 1610 858 1664 ueritatis.
870 1607 916 1663 tti-
966 1611 1050 1667 etiam
1064 1612 1178 1679 malitia,
1195 1611 1266 1666 uude
1279 1610 1383 1666 ibidem
1402 1628 1410 1665 s
1429 1609 1520 1665 Furor
1540 1608 1595 1665 illis
1612 1604 1769 1665 secundum

121 1707 197 1762 citur
215 1715 369 1776 percnum,
388 1705 462 1760 unde
481 1704 509 1759 in
525 1704 636 1760 Psalmo
654 1722 661 1758 ε
678 1701 768 1757 Fauor
793 1710 915 1772 peceato·
931 1672 952 1727 B
967 1704 1172 1760 similitudinem
1183 1706 1322 1774 serpentis.

123 1814 186 1853 rum
196 1796 368 1868 circumplexi
381 1806 443 1852 tunt
456 1775 506 1852 mc'.
520 1795 625 1852 Dicitur
635 1796 735 1862 uirtus,
750 1795 823 1850 unde
836 1791 926 1881 Salo-1

163 2243 269 2310 Gallus,
280 2243 400 2315 proprie,
413 2238 710 2311 sanctusprardicator3
724 2237 797 2294 unde
809 2237 836 2293 in
849 2235 919 2294 i’ro·
971 2247 1017 2295 tor
1032 2237 1159 2295 homines
1171 2236 1322 2310 regenerati
1338 2255 1386 2310 per
1403 2238 1530 2311 gratiam,
1546 2244 1620 2300 aride
1637 2245 1664 2301 in
1680 2242 1758 2303 Psal-

126 2338 231 2394 rerbiis
244 2353 252 2392 a
271 2336 336 2391 Tria
348 2344 481 2403 santarem
492 2336 556 2389 ime
567 2332 738 2404 pradiuntur,
751 2340 776 2385 ct
790 2342 918 2401 quartum
969 2344 1017 2385 mu
1033 2348 1040 2386 :
1053 2328 1256 2385 Laudabiturin
1272 2334 1440 2401 pcnerationc
1453 2332 1549 2389 altera.
1563 2333 1758 2407 Diciturglori·

125 2430 196 2503 quoti
208 2431 306 2485 incedit
320 2429 434 2501 feliciter
448 2427 520 2495 rico,
535 2426 698 2498 {artimimus
710 2423 865 2490 bestiarum,
881 2424 917 2479 od
968 2422 1061 2478 licatio
1083 2425 1208 2492 eorporis
1224 2433 1250 2479 et
1267 2425 1376 2490 animae,
1399 2430 1471 2480 unde
1485 2426 1512 2480 in
1530 2425 1680 2497 Evangelio
1697 2447 1705 2485 ε
1723 2429 1758 2484 ln

125 2521 227 2576 nullius
240 2520 344 2592 parebit
360 2531 515 2583 occursum
532 2515 620 2587 polius
636 2514 788 2568 succinctus
801 2513 914 2569 lunulas.
969 2512 1175 2582 repcneratione,
1194 2529 1254 2566 eum
1267 2513 1364 2568 sederit
1381 2512 1471 2569 Filius
1483 2514 1608 2572 ltominis.

127 2611 224 2670 Gallus
236 2613 394 2669 succinctus
406 2609 568 2665 lumbosest
579 2605 710 2663 Ecclesiae
721 2607 861 2677 praelatus,
873 2606 917 2661 in·
1005 2602 1131 2659 Genimen
1148 2603 1258 2674 proprie
1275 2604 1441 2675 propagines
1457 2606 1586 2661 arborum
1603 2607 1647 2663 vei
1665 2609 1759 2664 uinea·

124 2711 167 2759 ter
181 2702 266 2772 buius
288 2701 378 2757 noetis
399 2700 528 2755 tenebras
546 2712 642 2755 rerum
664 2710 746 2752 manc
766 2693 914 2763 nuntians;
968 2710 1040 2752 rum.
1055 2696 1190 2754 Dicuntur
1205 2698 1244 2753 iili
1264 2698 1312 2769 qui
1338 2710 1491 2754 naseuntur
1513 2699 1547 2754 ab
1567 2699 1639 2767 aliis,
1660 2702 1757 2755 aride:

125 2796 173 2867 qni
194 2795 351 2852 succinctus
372 2793 482 2849 lumbos
504 2807 566 2848 csse
585 2790 698 2858 dieitur,
714 2789 779 2859 quia
795 2803 811 2843 a
826 2803 915 2843 mem·
969 2786 1112 2844 Genimina
1132 2793 1293 2862 ciperanum,
1316 2794 1375 2862 quir
1394 2793 1509 2847 ostendit
1529 2791 1601 2846 ociis
1622 2794 1713 2864 supere
1741 2812 1759 2850 a

124 2885 183 2942 bris
213 2887 273 2942 suis
299 2885 416 2941 luxuriae
440 2884 533 2940 ssusrts
562 2882 720 2952 restringit5
754 2881 782 2935 in
813 2881 916 2936 lumbis
969 2888 1080 2935 uentura
1099 2880 1307 2937 iroiDieuntur
1323 2881 1409 2938 iudaei
1426 2882 1759 2956 ueiSynagopa,undein
1867 2889 1871 2898 '

125 2978 226 3050 quippe
247 2978 357 3033 ¹¹¹¹¹¹ii²
378 2975 480 3031 difflui
500 2990 584 3042 esse,
607 2974 681 3029 uude
697 2974 724 3027 in
744 2971 893 3058 Evangelio
908 2987 916 3027 ε
930 2980 952 3038 c
968 2972 1096 3041 passione
1107 2973 1237 3032 Domini:
1254 2973 1315 3029 Non
1332 2975 1420 3029 ttiaru
1433 2978 1529 3031 amodo
1544 2978 1576 3031 dc
1589 2979 1637 3032 lmc
1648 2982 1760 3050 perimi.

126 3068 187 3123 Sint
201 3065 284 3121 lumbi
300 3065 380 3120 uestri
394 3064 552 3134 praecinctu
567 3071 595 3119 et
615 3063 644 3118 in
656 3060 709 3117 lob
726 3079 734 3116 z
756 3060 822 3127 Quis
843 3061 916 3116 dedit

126 3159 197 3230 pallo
218 3157 439 3228 inclimentum,
466 3154 521 3210 nisi
542 3170 610 3226 ego,
632 3155 672 3210 alt
695 3153 849 3219 Dominus,
868 3152 917 3223 qui

126 3256 269 3310 doctorum
301 3250 466 3309 mentesani
496 3247 704 3321 intelligendum
730 3247 838 3304 occulta
874 3246 918 3302 in-

126 3346 224 3403 drusi.

161 3437 282 3494 Gaudere
296 3435 408 3506 proprie
420 3435 494 3506 frui,
505 3434 579 3490 unde
594 3433 622 3488 ln
642 3433 760 3503 quadam
781 3430 886 3503 antiph.
908 3450 916 3488 r

127 3527 248 3586 Gaudent
262 3530 289 3583 in
308 3527 393 3583 coelis.
421 3526 517 3597 Signat
533 3525 647 3597 placere,
663 3525 736 3580 unde
751 3525 778 3579 in
792 3524 916 3579 ioannes

129 3623 235 3681 Gaudeo
242 3638 294 3677 non
307 3630 413 3692 propter
429 3635 481 3685 me,
497 3620 542 3673 sed
556 3627 665 3687 propter
675 3632 729 3670 nor.
742 3614 847 3670 Dicitur
859 3616 918 3671 eiia-

126 3716 206 3773 ltoius
229 3712 359 3782 paudere,
379 3707 636 3780 quandoessultat
661 3707 696 3766 de
719 3704 839 3776 peccatis
865 3719 918 3759 no-

127 3807 201 3864 stris.
219 3804 323 3860 Dicitur
341 3799 522 3874 spiritualiter
536 3787 683 3864 cc'sultorc,
701 3795 773 3852 urrde
792 3796 821 3851 in
842 3795 917 3865 ripo-

128 3900 198 3956 slnio
215 3917 222 3953 :
235 3897 354 3953 Gaudete
368 3897 396 3950 in
407 3895 521 3950 Domino
533 3907 645 3962 semper.

163 3987 390 4060 Garopirplacium
404 3986 514 4058 proprie
528 3985 631 4041 dicitur
645 3982 723 4038 iocus
742 3981 770 4037 in
792 3995 848 4051 quo
869 3994 920 4053 po·

127 4091 228 4138 uurrtur
241 4095 326 4152 gazae,
342 4079 369 4134 id
383 4086 425 4135 est
436 4078 553 4144 divitiam
566 4076 640 4131 unde
651 4073 753 4130 dieitur
767 4071 802 4128 de
817 4073 918 4128 mulie·

127 4189 157 4231 re
169 4172 241 4245 quod
250 4174 325 4227 misit
337 4171 394 4227 duo
404 4169 509 4226 minuta
520 4170 548 4223 in
558 4166 792 4239 gazophylacium,
801 4173 830 4219 ut
840 4164 920 4235 poni-

967 3078 1000 3118 nc
1013 3065 1075 3119 uitis
1089 3065 1183 3132 donec,
1196 3066 1222 3120 id
1236 3078 1277 3122 cst
1290 3082 1344 3122 non
1357 3069 1539 3138 incorporabo
1556 3072 1623 3126 milri
1638 3073 1757 3143 aliquem

967 3155 1002 3212 de
1021 3156 1134 3225 iudeis,
1155 3159 1243 3215 donee
1259 3168 1322 3230 post
1340 3162 1571 3217 resurrectionem
1585 3164 1692 3234 aliqrros
1711 3182 1760 3221 eo·

967 3265 1030 3306 rum
1044 3251 1219 3322 incorporem
1237 3252 1394 3319 innovatos,
1409 3261 1437 3307 et
1454 3254 1506 3309 boc
1526 3255 1553 3309 in
1572 3271 1650 3325 repno
1667 3255 1758 3311 Patris

927 3365 930 3371 ·
968 3343 1031 3400 mei.
1048 3343 1075 3397 id
1091 3343 1172 3398 estin
1184 3353 1254 3398 statu
1271 3344 1505 3413 imurortalitetis;
1520 3347 1562 3400 uei
1573 3346 1606 3401 ad
1618 3347 1757 3403 litteram:

969 3433 1033 3489 Non
1045 3434 1133 3489 iiiam
1143 3434 1225 3490 donec
1236 3437 1263 3491 in
1275 3452 1354 3507 repnn
1370 3436 1464 3491 Patris
1479 3438 1540 3506 met',
1551 3439 1577 3494 iu
1590 3449 1633 3494 est
1644 3439 1673 3494 iu
1686 3448 1760 3497 statu

968 3524 1186 3583 immortalitatis
1197 3537 1260 3597 post
1274 3530 1520 3586 resurrectionem.

1006 3615 1108 3683 Genua,
1120 3619 1337 3689 pmpric,-lones
1353 3621 1380 3675 in
1394 3620 1516 3677 Ecclesia
1533 3620 1591 3690 Dei,
1605 3631 1635 3678 ut
1652 3634 1761 3694 aposto·

968 3704 1008 3772 ii;
1023 3705 1096 3761 uncie
1112 3705 1138 3759 in
1151 3702 1261 3760 Psalmo
1273 3722 1280 3758 z
1294 3706 1385 3762 Genua
1398 3724 1456 3762 meo
1476 3709 1612 3778 infirmata
1627 3720 1699 3766 sunt.
1714 3710 1761 3766 Di·

969 3806 1069 3853 cuntur
1080 3813 1175 3867 opera,
1188 3797 1260 3852 unde
1272 3797 1359 3854 isaias
1374 3812 1381 3853 :
1399 3797 1488 3854 lsrael
1498 3817 1594 3855 aturrus
1609 3803 1702 3873 eripite
1720 3821 1760 3859 rc-

969 3891 1066 3945 missas
1082 3900 1107 3944 et
1123 3906 1208 3960 persua
1222 3890 1364 3945 dissoluta.
1380 3890 1486 3946 Dicitur
1496 3894 1628 3963 peccandi
1640 3910 1759 3951 consue·

969 3981 1047 4049 tudo,
1064 3982 1136 4037 unde
1149 3980 1222 4036 iob:
1235 3980 1369 4053 Exceptus
1383 3982 1502 4052 penitus.
1513 3982 1620 4039 Dicitur
1635 3986 1676 4041 rei
1689 4002 1761 4056 proc·

969 4075 1192 4140 sentia„undeiu
1207 4073 1275 4130 Gen.
1292 4074 1453 4145 :Berrjatrtin
1467 4075 1533 4130 uidit
1546 4077 1617 4146 filios
1631 4093 1713 4149 usque
1732 4079 1761 4132 in

971 4167 1079 4240 tertiam
1096 4175 1120 4220 ct
1134 4176 1259 4237 quartam
1273 4166 1478 4236 pencrationem,
1488 4170 1519 4224 in
1532 4180 1574 4225 est
1589 4169 1661 4226 iiiios
1674 4171 1760 4227 licitis

129 4274 173 4321 tur
186 4266 214 4320 iu
228 4263 389 4335 Evangelio.
412 4260 520 4316 Dicitur
533 4259 659 4331 panicus
681 4257 727 4312 iila
745 4256 772 4310 in
792 4271 846 4325 qua
858 4264 919 4309 erat
970 4266 1117 4313 nascentes
1131 4258 1158 4311 in
1173 4260 1300 4328 genibus.

129 4355 173 4411 ilia
184 4370 259 4420 area,
272 4355 345 4410 uude
356 4354 383 4407 in
394 4350 543 4422 Evangelio
558 4367 565 4405 :
577 4348 645 4403 Erat
655 4346 734 4402 lesus
746 4347 775 4399 in
787 4344 920 4416 paaoplrp-
935 4374 958 4429 D
1009 4345 1096 4403 Genus
1107 4350 1216 4418 proprie
1226 4350 1375 4419 parentela,
1386 4352 1536 4408 secundum
1549 4354 1623 4425 quod
1637 4354 1737 4410 dicitur
1752 4371 1759 4410 t

129 4445 324 4510 lacio‚subaudi
335 4444 448 4500 secundi
459 4442 533 4506 atrii,
547 4441 643 4495 docetur
655 4441 681 4493 in
697 4439 804 4510 templo.
818 4437 919 4493 Dicun·
972 4437 1029 4494 iste
1048 4448 1087 4494 cst
1100 4440 1132 4495 dc
1151 4457 1242 4511 peracre
1260 4441 1386 4498 Alrnltae.
1402 4444 1508 4500 Dicitur
1522 4448 1672 4518 generatio.
1689 4450 1761 4504 unde

130 4536 437 4600 turconladoctorum,
453 4529 638 4587 utrdeEaeelr.
654 4547 662 4584 z
678 4528 867 4584 iiteduaitntc
883 4528 918 4582 od
970 4528 1070 4587 Petrus
1092 4550 1099 4588 ι
1120 4530 1182 4601 Vos,
1212 4549 1293 4604 perros
1313 4532 1435 4603 electum,
1459 4538 1548 4609 repale
1571 4540 1759 4596 sacerdotium.

131 4630 228 4682 atrium
244 4628 373 4693 maerim,
387 4634 412 4680 et
425 4640 483 4679 ecce
498 4620 708 4694 paaopbplacio,·
721 4635 769 4690 per
780 4620 918 4691 pazopby·
971 4620 1078 4678 Dicitur
1100 4625 1249 4692 maneries,
1272 4628 1344 4681 unde
1364 4629 1390 4682 in
1412 4627 1481 4684 Gen.
1508 4648 1515 4685 :
1538 4628 1672 4687 Producat
1689 4643 1761 4688 terro

131 4717 197 4774 ncta
214 4719 295 4774 corda
317 4720 463 4774 doctorum
482 4713 624 4785 sapientiae
637 4712 799 4767 etseientiae
816 4711 919 4767 diuitiis
970 4713 1079 4770 leriam
1092 4717 1217 4771 uirentem
1232 4727 1258 4772 et
1276 4718 1416 4788 sacietatem
1441 4721 1559 4791 [ructum
1577 4723 1659 4791 juxta
1679 4742 1759 4796 pertus

132 4812 210 4882 plena
225 4809 415 4880 designantur.
431 4808 542 4864 Dicitur
561 4820 641 4863 sacra
660 4802 803 4876 Scriptum
820 4804 919 4875 inqua
970 4808 1059 4860 ruam.
1071 4805 1178 4862 Dicitur
1192 4807 1359 4879 principium
1375 4813 1570 4882 persecutionis,
1589 4817 1660 4869 urrde
1673 4817 1760 4869 Abra·
1784 4811 1795 4824 '

131 4911 299 4973 reponuntur
309 4917 383 4972 panae
405 4904 542 4966 eoelcstes,
560 4900 634 4957 unde
644 4900 672 4955 in
699 4890 766 4957 siclis
780 4918 788 4954 a
804 4899 920 4969 Cupien·
970 4897 1132 4969 bampolest
1144 4900 1199 4956 diei
1214 4900 1588 4972 penusiudeeorunrDicitur
1599 4906 1760 4976 nmjussub-

132 5006 167 5051 ter
192 4992 295 5063 aliquid
306 4993 339 5047 de
353 4995 463 5063 penuria
485 5010 518 5049 ac
535 4993 664 5048 tenuitate
676 5003 769 5047 nostra
781 5007 842 5046 curu
853 5007 920 5061 pau·
970 4992 1111 5060 stantialc,
1126 4993 1199 5051 uude
1210 4996 1282 5066 apud
1299 4994 1403 5067 logicos
1421 4998 1513 5069 aliqua
1528 4998 1645 5068 questio
1660 4998 1760 5053 dieitur

98 5106 102 5116 ·
131 5084 235 5158 percolo
249 5086 277 5139 in
291 5084 512 5155 paroplrplaciurn
527 5085 637 5140 Domini
654 5085 771 5140 mittere.
969 5083 1075 5152 essede
1085 5100 1196 5154 genere,
1207 5086 1278 5141 uarie
1291 5087 1348 5143 baec
1357 5089 1650 5158 quiaquaeriturmrmn
1662 5087 1760 5144 Socra·

165 5177 254 5244 Genu,
265 5176 384 5249 pmpric,
396 5178 499 5246 prelati
511 5176 659 5261 Ecclesium
678 5173 751 5229 unde
763 5174 792 5228 in
811 5172 892 5231 Cant.
909 5193 916 5230 :
971 5175 1057 5228 tescit
1073 5175 1335 5233 leomodicituresse
1349 5178 1504 5248 deperiere.
1520 5177 1625 5235 Dicitur
1641 5182 1761 5254 qualitas

133 5271 207 5328 Gcnoe
221 5281 273 5326 tuoe
284 5271 452 5324 ricatcorrec
468 5268 534 5323 moli
548 5268 649 5341 punici,
659 5266 724 5337 quia
736 5266 840 5336 ptaeiati
851 5265 919 5323 aile-
970 5266 1023 5337 rci,
1043 5269 1116 5324 uude
1132 5287 1140 5323 s
1160 5267 1250 5326 Filius
1273 5269 1323 5325 Dei
1343 5272 1486 5340 assumpsit
1504 5287 1611 5327 carnem
1625 5274 1657 5329 dc
1671 5275 1759 5329 ercet*

132 5375 173 5422 ctu
185 5364 227 5420 rei
240 5361 384 5434 sanguinis
398 5360 532 5416 elusione
551 5360 662 5416 rubent.
969 5358 1117 5414 lentissimo
1125 5360 1467 5429 penereirumanoenoturoe.
1477 5359 1583 5416 Dicitur
1592 5361 1677 5418 etiam
1691 5363 1760 5419 iilud

163 5454 317 5521 Generatio,
340 5452 469 5523 proprie;
485 5450 558 5506 unde
580 5449 689 5507 isaias:
709 5448 913 5506 Generationcm
970 5449 1127 5507 universale
1142 5451 1216 5523 qnod
1233 5451 1398 5522 praedicatur
1415 5452 1450 5507 dc
1467 5451 1592 5523 pluribus
1613 5454 1762 5512 differenti·

132 5546 184 5616 ries
202 5548 261 5619 puis
275 5544 435 5601 enarrabit?
446 5542 555 5599 Dicitur
576 5543 715 5614 generatio
729 5541 824 5614 geniti,
845 5541 918 5597 unde
969 5544 1023 5600 bus
1039 5544 1140 5615 speeie,
1155 5545 1183 5599 in
1198 5560 1232 5602 eo
1243 5545 1315 5616 quod
1330 5545 1396 5616 quisi
1413 5553 1456 5599 est
1475 5545 1576 5603 dieitur
1589 5563 1687 5620 gentas.
1701 5550 1760 5603 Au·

78 5667 81 5673 ·
134 5640 159 5696 in
179 5639 289 5698 Psalmo
306 5658 312 5695 :
331 5638 531 5710 Aperueratinnc
545 5637 573 5691 in
589 5636 794 5707 penerationcrt.
814 5634 914 5690 Dicun-
970 5638 1096 5710 pristinus
1109 5639 1147 5694 ait
1158 5639 1191 5712 li)
1203 5638 1406 5696 Diciturriirina
1418 5641 1758 5711 naturn,uudeiiiiarius:
