3992 6042
105 320 166 381 783

504 327 767 387 btsrthcrtohtts
784 330 976 390 btcrthtttttt
996 335 1121 393 ruauh.
1136 366 1172 377 -
1190 335 1341 394 coti-curt

1680 344 1733 403 iil

97 436 267 511 Evangelio:
296 439 348 496 illi
369 440 450 510 [uerit
475 457 580 511 corpus,
610 453 635 498 et
664 445 970 516 congregabunturhid
985 459 1028 506 est
1039 450 1160 506 rationes
1173 450 1361 522 exstinguunt,
1374 453 1423 524 qui
1434 454 1508 511 eorri
1521 453 1581 511 ideo
1591 455 1729 524 dicuntur,

95 531 212 600 aquile,
224 531 250 586 id
261 541 303 587 est
313 532 340 587 in
355 533 475 602 empireo
490 548 552 588 enm
566 535 677 591 Christo
703 547 785 593 erunt
798 539 900 594 sancti⁴

95 623 227 676 renovati
243 623 316 678 sicut
340 624 449 694 aquilae.
462 624 568 681 Dicitur
584 625 716 695 Ecclesia,
731 629 803 684 ende
814 629 890 699 Apo-

94 714 209 770 stolus:
235 712 395 770 Nassumus
425 733 507 771 unum
535 734 641 789 corpus.
668 718 890 777 Diciturbonum

94 817 182 872 opus,
197 804 270 859 unde
284 803 311 858 iu
329 802 495 873 Evangelio:
515 804 546 859 Si
558 808 650 861 oculus
664 815 736 872 tuus,
750 805 777 861 td
798 815 839 863 est
849 809 890 862 itr-

95 892 199 957 tentio,
214 893 328 964 simplex
346 895 437 964 puerit,
449 903 533 949 toturn
562 912 656 966 corpus
676 905 750 951 tuum
772 897 890 952 lucidum

93 981 164 1039 erit.
189 980 294 1038 Dicitur
320 984 486 1040 universitas
519 985 635 1055 peccati,
665 985 738 1042 unde
765 985 888 1042 Paulus:

94 1072 368 1144 Destruaturcorpus
393 1077 505 1146 peccati.
533 1076 627 1148 Signat
654 1077 849 1147 perfectionem
865 1088 892 1134 et

93 1164 299 1234 plenitudinem
322 1176 432 1237 propter
444 1166 620 1234 soliditatem,
632 1167 704 1223 unde
717 1169 865 1239 Apostolus
881 1188 889 1224 :

94 1253 131 1308 Iu
149 1272 202 1326 qua
218 1256 323 1311 habitat
334 1257 473 1327 plenitudo
484 1257 634 1314 diuinitatis
645 1260 830 1329 corporaliter,
864 1260 891 1314 id

92 1356 141 1403 est
150 1348 249 1415 solide,
261 1351 340 1420 plene
355 1359 381 1405 et
396 1350 527 1420 perlecto.
542 1349 639 1422 Signat
650 1351 807 1422 cordugem,
818 1351 891 1408 undo

93 1436 124 1491 in
133 1438 266 1508 Apostolo
280 1458 286 1494 :
300 1439 353 1505 Qui
365 1441 526 1511 fornicatur,
547 1442 575 1496 ia
593 1458 687 1513 corpus
699 1459 776 1499 suum
789 1453 889 1512 peccat,

93 1529 125 1583 id
141 1538 186 1584 est
199 1540 295 1586 contra
312 1533 443 1587 honorem
460 1533 597 1603 coniugis.

132 1616 278 1690 Correptio
300 1622 410 1692 proprie
442 1623 570 1692 putredo,
608 1624 680 1679 unde
701 1624 728 1679 in
760 1622 890 1681 Psalmo:

93 1712 157 1770 Nee
167 1713 242 1769 dabis
256 1727 379 1770 sanctum
395 1725 471 1770 tuum
481 1716 566 1772 ridere
578 1720 783 1788 corruptionem.
818 1718 890 1775 llici-

943 542 1009 612 quia
1023 557 1072 611 per
1108 542 1225 612 gratiana
1253 542 1416 602 humilitatis
1440 561 1470 601 se
1485 555 1643 616 peccatores
1669 564 1732 606 esse

943 640 1122 700 cognoscunt.
1151 629 1257 690 Dicitur
1273 634 1434 702 praedicator
1445 638 1642 695 mercenarius.
1661 638 1731 694 Cor-

942 721 1060 776 austria
1081 722 1161 777 habet
1178 738 1185 774 t
1204 738 1316 778 raucam
1328 725 1428 780 emittit
1454 743 1561 796 rocem,
1573 738 1616 785 cst
1642 731 1730 802 niger,

942 813 1030 869 utitur
1054 814 1251 881 cadaveribus;
1284 816 1325 872 sie
1354 818 1518 886 praedicator
1543 822 1731 878 mercenarius

941 901 1179 970 raucuseilicitur,
1207 904 1248 958 rel
1262 905 1327 975 quia
1350 919 1405 959 uon
1429 906 1501 962 salet
1521 908 1563 963 rel
1587 910 1652 978 quia
1675 926 1732 966 uon

941 994 1011 1060 ruit,
1040 996 1105 1065 qnia
1135 995 1266 1066 predicat
1299 997 1393 1055 lavore
1413 998 1514 1053 terreni
1540 1001 1729 1058 emolumenti.

942 1082 1024 1153 Niger
1048 1094 1091 1140 est
1106 1085 1220 1153 iuligine
1236 1095 1424 1156 peecatorum,
1451 1089 1537 1144 utitur
1552 1091 1668 1147 terrenis
1677 1091 1731 1148 ho-

942 1176 1058 1232 naribus
1075 1177 1123 1247 qui
1135 1178 1314 1234 cadaveribus
1329 1189 1527 1250 comparantur
1539 1198 1546 1247 ;
1560 1182 1633 1238 unde
1651 1181 1731 1237 Psal-

943 1268 1024 1323 mista
1042 1287 1049 1322 t
1064 1268 1098 1322 h'r
1109 1269 1191 1338 pullis
1214 1285 1352 1324 cornorum
1365 1272 1640 1338 incredulitatem:
1664 1276 1731 1345 pulli

944 1373 1090 1414 corvorum
1129 1359 1261 1415 dicuntur
1291 1361 1467 1431 praelatorum
1499 1365 1730 1421 mercenariorum

941 1449 1055 1505 subditi.
1086 1450 1286 1507 llicituratiam
1312 1466 1413 1509 corvus
1446 1453 1547 1524 aliquis
1579 1465 1730 1515 extenuans

942 1555 1053 1596 earnem
1065 1556 1143 1597 suam
1155 1557 1203 1611 per
1213 1541 1407 1598 abstinentiam
1416 1543 1477 1599 etin
1491 1544 1730 1600 servitutemredi-

941 1647 1019 1701 gens,
1040 1633 1111 1688 unde
1125 1632 1244 1688 inCant.
1265 1650 1271 1685 :
1293 1633 1383 1690 (loma
1411 1644 1465 1689 turc
1482 1635 1553 1689 sicut
1569 1636 1646 1692 elate
1671 1636 1730 1707 pal·

943 1737 1060 1785 marum,
1083 1724 1166 1793 nipre
1179 1724 1249 1777 sicut
1261 1740 1364 1789 corvus,
1380 1725 1459 1781 idest
1473 1725 1543 1783 sicut
1572 1727 1611 1781 illi
1637 1744 1728 1784 maee-

92 1817 143 1864 tur
157 1809 322 1876 vulneratio,
335 1811 408 1866 uude
420 1809 514 1866 Dauid:
525 1808 591 1875 Qua
604 1811 709 1864 utititas
724 1810 751 1863 iu
762 1811 890 1880 sarrpuine
908 1786 928 1840 Β
941 1823 1034 1869 rantes
1041 1828 1151 1869 earnem
1160 1813 1273 1886 iuligine
1283 1816 1490 1871 tribulationum
1500 1826 1566 1872 sunt
1576 1818 1727 1890 denigrati;

92 1916 166 1967 meo,
179 1899 242 1953 dum
256 1901 386 1955 descendo
401 1901 429 1956 in
442 1902 636 1971 corruptionem
649 1904 661 1956 t
677 1900 782 1955 Dicitur
793 1916 890 1970 pecca·

92 1999 167 2056 tum,
181 1991 253 2046 unde
277 1991 304 2045 in
325 1990 461 2047 Psalmo:
483 1991 610 2060 Correpti
629 2000 691 2044 sunt
706 2002 730 2045 rt
750 1990 889 2044 abomina-

92 2082 162 2138 biles
179 2085 244 2148 sacti
258 2094 329 2140 suat.
348 2085 453 2140 Dicitur
469 2083 621 2153 deploratio,
636 2085 708 2138 unde
723 2084 749 2137 in
763 2083 890 2153 passione

91 2172 177 2229 Nerei
192 2185 219 2229 et
232 2174 345 2230 Achillei
360 2194 367 2229 :
398 2174 465 2230 Cum
479 2174 551 2230 Deus
565 2176 653 2229 omnia
671 2183 766 2244 potest,
780 2190 832 2228 noo
842 2188 891 2242 po·

92 2272 147 2319 test
163 2264 330 2334 decurruptn
343 2266 431 2336 [acere
445 2267 582 2337 uirginem.

132 2353 243 2421 Cortex,
259 2356 381 2426 proprie,
393 2363 507 2412 sanetus
521 2357 567 2427 qui
583 2371 639 2410 non
661 2356 798 2412 crubescit
825 2372 888 2427 pas·

92 2448 204 2504 sionem
215 2447 329 2514 Christi,
342 2449 412 2504 urrde
422 2448 451 2503 in
466 2447 653 2504 sirhasirim:
671 2447 748 2503 Genu
762 2459 815 2503 ture
828 2457 888 2504 sunt

940 1903 974 1958 de
987 1904 1070 1959 simili
1086 1905 1226 1976 nigredine
1245 1906 1343 1976 legitur
1363 1908 1391 1961 iu
1421 1906 1615 1965 sirhasirim:
1642 1909 1730 1983 Nipra

939 2010 1009 2058 sum,
1024 1994 1069 2048 sed
1080 1995 1209 2065 formosa,
1225 1996 1301 2063 filice.

976 2081 1069 2146 Costa,
1081 2083 1201 2153 proprie.
1218 2082 1325 2140 Dicitur
1336 2086 1420 2141 animi
1437 2102 1548 2152 sensus,
1565 2086 1655 2145 unde:
1680 2089 1729 2145 At·

941 2182 1030 2227 tcuuet
1043 2173 1127 2243 [ames
1157 2175 1237 2230 robur
1261 2176 1330 2245 ejus,
1356 2189 1381 2232 et
1406 2179 1496 2233 inedia
1510 2180 1621 2234 insudat
1640 2189 1728 2236 costas

939 2264 996 2334 ejus
1012 2281 1022 2330 ,·
1037 2265 1142 2330 inuadit
1161 2267 1250 2323 inedia
1261 2277 1352 2325 costas
1367 2270 1488 2340 quando,
1503 2271 1577 2326 omni
1592 2270 1728 2340 spirituali

940 2355 1090 2414 relectione
1119 2358 1270 2426 subtracta,
1299 2376 1397 2417 sensus
1420 2363 1522 2418 mentis
1548 2362 1678 2417 deliciunt
1699 2372 1729 2417 et

940 2447 1119 2520 cogitationes
1145 2465 1210 2507 suas
1238 2466 1333 2522 regere
1360 2451 1402 2507 vel
1425 2453 1495 2507 tueri
1523 2468 1576 2508 non
1591 2462 1726 2523 possunt:

91 2540 452 2612 cortcrmalipunici,quia
474 2541 601 2596 doctores
630 2552 733 2597 sanctae
758 2541 889 2597 Ecclesia
939 2548 1023 2594 costae
1047 2540 1264 2612 uniuscujusque
1289 2552 1355 2598 sunt
1382 2558 1483 2600 sensus
1510 2545 1610 2599 animae
1626 2546 1673 2615 qui
1689 2547 1728 2600 la-

92 2632 145 2702 qui
163 2647 271 2687 sacram
287 2631 458 2703 Scriptorum
485 2641 638 2704 exponunt,
661 2635 820 2690 memoriam
839 2635 889 2689 ha·
939 2639 1030 2686 tentes
1046 2631 1229 2702 cogitationes
1246 2635 1390 2702 muniuut;
1405 2635 1495 2691 inedia
1517 2635 1619 2691 invadit
1640 2636 1728 2706 iniqui

92 2724 163 2780 bent
191 2724 331 2794 passionis
358 2725 541 2800 Christiana
569 2727 658 2781 solum
679 2726 818 2781 eredendo
839 2725 885 2781 sed
938 2732 1042 2789 costas,
1058 2724 1122 2794 qnia
1143 2723 1230 2781 lamcs
1245 2724 1463 2781 internasensus
1484 2726 1584 2781 mentis
1597 2733 1729 2780 extenuat

92 2814 181 2870 ctiam
215 2815 361 2890 imitando.
394 2814 498 2870 [licitur
527 2815 655 2872 litteralis
677 2832 787 2882 sensus,
815 2816 888 2872 urrde
938 2815 1729 2889 utcogitationessuasnullateuusrcgat.Nam,dumscn-

93 2904 124 2960 irt
137 2902 201 2958 lob:
222 2904 275 2969 Qui
290 2904 449 2959 rrrardebant
464 2906 557 2960 herbas
571 2915 596 2961 ct
609 2906 735 2961 ariorum
759 2908 887 2963 cortices:
938 2907 1094 2963 susmentis
1107 2907 1198 2963 obtusi
1213 2906 1334 2977 luerunt,
1346 2909 1526 2978 cogitationes
1544 2909 1579 2964 ati
1590 2908 1729 2965 exteriora

5 3027 6 3036 κ
93 2996 215 3051 cortices
232 2996 361 3051 arborum
383 2997 540 3062 casnedum,
553 2999 599 3067 qui
615 2998 641 3052 in
664 3000 752 3054 sacris
770 3000 888 3055 solumi·
939 2996 1085 3066 prodeunt,
1099 3004 1127 3050 et
1145 2998 1224 3066 quasi
1240 2999 1326 3055 costis
1342 2999 1557 3068 infirmantibus,
1569 3015 1601 3056 ea
1620 3014 1682 3070 quae
1700 2999 1728 3053 in

94 3086 182 3142 trihus
202 3089 288 3142 solam
312 3088 408 3143 littcrae
434 3088 605 3159 superficiem
628 3099 812 3156 venerantur,
837 3105 887 3148 nec
938 3088 1727 3158 occultosaualaterepoterant,lorasvisceralunduntur.

93 3177 232 3248 quidquid
247 3177 280 3233 de
299 3178 436 3249 spirituali
465 3179 605 3236 intellectu
630 3181 799 3247 custodiunt,
824 3152 922 3238 enmC
973 3176 1041 3232 Cras
1059 3178 1206 3249 aliquando
1221 3188 1299 3235 notat
1317 3180 1451 3249 laturum,
1477 3181 1549 3237 unde
1564 3183 1591 3236 in
1604 3181 1727 3238 Genesi:

94 3270 167 3325 uilril
182 3271 209 3325 in
225 3272 316 3326 uerbis
343 3270 532 3340 buramphus,
556 3271 601 3326 ubi
616 3272 666 3328 hoe
680 3275 752 3342 quod
767 3275 887 3330 exterius
938 3268 1005 3325 Cras
1020 3270 1185 3341 respondebit
1200 3271 1276 3338 mihi,
1293 3272 1319 3326 id
1341 3282 1383 3328 est
1405 3273 1433 3328 in
1452 3274 1555 3328 tuturo.
1572 3271 1729 3344 Aliquando

95 3362 256 3428 audierunt,
267 3377 329 3417 esse
340 3361 528 3432 suspicantur.
540 3362 644 3418 [licitur
656 3365 723 3419 bene
731 3364 888 3420 inchoantis
937 3363 1050 3433 ponitur
1064 3351 1115 3433 pro
1131 3364 1246 3430 incerto,
1257 3361 1330 3419 unde
1340 3381 1434 3420 curare
1445 3366 1477 3420 dc
1488 3366 1616 3432 crastina,
1643 3364 1670 3420 id
1686 3373 1729 3421 est

94 3454 255 3523 opus,rrnde
268 3454 419 3509 secundum
433 3455 515 3510 aliam
528 3457 726 3526 expositionem
741 3475 748 3511 :
762 3455 797 3510 hc
812 3474 889 3511 man·
937 3456 971 3511 de
982 3456 1098 3510 incerto.
1111 3455 1265 3526 Aliquando
1276 3464 1352 3511 notat
1368 3466 1527 3528 sequentem
1544 3472 1658 3522 annum,
1675 3472 1729 3512 un·

93 3547 195 3600 debant
212 3545 306 3598 herbas
324 3555 348 3598 ct
370 3547 495 3600 arborum
520 3551 649 3613 cortices:
676 3549 775 3605 herbas
797 3564 888 3605 come·
937 3547 1106 3605 deChristus
1118 3549 1145 3605 in
1158 3548 1306 3621 Evangelio
1315 3548 1435 3621 aittfipo
1446 3549 1522 3604 hodic
1532 3558 1557 3604 et
1565 3565 1625 3604 eras
1633 3549 1730 3604 damo-

94 3639 162 3694 dere
173 3644 215 3693 cst
227 3636 338 3691 minima
360 3647 493 3708 praecepta
519 3640 561 3694 rel
586 3655 668 3708 opera
689 3656 744 3694 non
760 3657 885 3710 serrare3
937 3640 1070 3710 niaejicio
1081 3649 1106 3695 et
1117 3643 1244 3695 sanitates
1255 3642 1364 3712 perficio
1374 3641 1411 3708 ,id
1421 3649 1464 3696 est
1475 3639 1728 3711 primoetseeundo

94 3729 218 3787 cortices
237 3729 366 3784 arborum
390 3728 521 3784 mandere
551 3738 593 3785 est
617 3729 722 3800 majora
751 3740 887 3801 praecepta
937 3748 1011 3786 anno
1035 3747 1102 3787 meae
1130 3733 1331 3802 predicationis
1352 3731 1450 3787 luciam
1472 3731 1625 3797 miracula,
1648 3731 1728 3786 tertia

96 3818 142 3875 rel
159 3819 232 3872 hona
251 3833 336 3887 opera
348 3829 533 3876 contemnere.
937 3819 1149 3887 dieeonsumor,
1159 3820 1185 3875 id
1196 3829 1238 3876 est
1251 3821 1331 3875 tertio
1340 3834 1413 3875 anno
1426 3820 1530 3873 moriar
1540 3829 1566 3873 et
1573 3833 1725 3890 resurgam.

132 3905 257 3970 Cortiaa,
276 3909 394 3978 proprie,
418 3909 515 3978 lldelis,
543 3909 615 3966 unde
640 3911 671 3967 in
699 3912 806 3982 Apoc:
834 3912 887 3978 Qui
973 3909 1141 3977 Crassitudo,
1158 3913 1277 3982 proprie,
1288 3910 1435 3981 pinguedo.
1446 3908 1551 3964 Dicitur
1565 3908 1648 3965 etiam
1660 3908 1727 3965 cba-

96 3998 187 4064 oudit,
197 3999 286 4054 dicat:
304 3999 377 4066 l'cni,
390 4003 532 4057 etcortina
545 4004 677 4059 cortinam
692 4006 793 4073 trahat,
806 4007 833 4061 td
846 4015 888 4063 est
938 4002 1017 4068 ritas,
1031 4001 1103 4057 unde
1117 4000 1203 4057 isaias
1216 4020 1223 4057 τ
1236 4002 1334 4057 Audite
1346 4002 1482 4055 audientes
1505 4016 1557 4064 mc,
1567 4008 1592 4053 ct
1610 3999 1727 4053 delecta-

95 4088 186 4145 tldelis
203 4089 309 4145 fidelem
322 4092 449 4159 editieat,
465 4095 538 4164 quod
553 4095 812 4168 signitcabatarper
823 4115 887 4155 cor·
938 4095 1011 4149 bitur
1020 4096 1048 4149 ir
1059 4096 1235 4149 crassitudine
1246 4095 1336 4148 anima
1348 4103 1443 4149 restro.
1456 4091 1560 4148 llicitur
1571 4105 1646 4147 mors
1658 4105 1729 4145 mar·

95 4179 172 4235 tinas
203 4181 230 4235 in
251 4179 341 4236 Veteri
365 4180 541 4240 Testamenta
565 4186 670 4243 ansulis
700 4187 887 4258 hyacinthinis
938 4188 1017 4259 tyris,
1028 4185 1265 4257 quaeideodicitur
1276 4184 1442 4252 crassitudo,
1454 4182 1531 4254 quia,
1546 4182 1617 4239 sicut
1629 4181 1728 4238 crassi·

97 4287 238 4328 connexas
254 4273 328 4342 quod
342 4288 395 4328 unt
414 4283 500 4330 tracta
515 4276 576 4331 atie
590 4278 784 4347 sequebantur.
938 4280 1005 4335 tudo
1020 4279 1148 4334 fecundat
1163 4286 1275 4345 terram,
1290 4277 1327 4332 ita
1342 4292 1416 4332 mors
1431 4275 1512 4329 unius
1528 4274 1616 4330 sancti
1633 4273 1728 4329 lecan-

134 4365 887 4438 Corrhaproprie.biciturgentilitas;rrndeinlob,llo·
938 4368 1197 4435 datEcelesiam,ct
1219 4384 1268 4439 per
1293 4378 1408 4422 mortem
1436 4365 1519 4422 unius
1549 4365 1628 4419 rnulti
1658 4379 1727 4420 con·

98 4454 176 4510 mino
205 4451 255 4511 lob
272 4456 468 4527 interrogante,
484 4456 585 4512 dicitur
607 4476 614 4512 ε
635 4456 701 4523 Quis
728 4461 887 4530 preparavit
904 4497 925 4552 D
939 4460 1120 4514 vertebantur
1135 4458 1169 4512 ad
1183 4459 1265 4513 vitam
1276 4475 1283 4524 ;
1294 4457 1365 4511 unde
1380 4455 1406 4510 in
1424 4454 1553 4511 Psalmo:
1569 4452 1645 4543 Sicut
1657 4469 1729 4508 cras·

98 4565 176 4604 cerro
196 4567 282 4606 escam
297 4567 386 4618 suam,
405 4550 511 4622 quanda
533 4550 600 4621 pulli
625 4551 682 4620 ejus
706 4552 823 4608 clamant
852 4554 887 4608 ad
939 4551 1027 4605 :itudo
1043 4557 1226 4617 terraerupta
1240 4557 1279 4603 est
1298 4558 1498 4617 superterram.
1512 4545 1617 4600 Dicitur
1631 4559 1728 4615 super-

99 4639 210 4696 Deum?
240 4658 288 4713 per
309 4658 406 4700 corros
441 4643 586 4713 pullosque
622 4658 717 4698 eorum
749 4644 888 4714 gentilitas
938 4638 1279 4709 bia,undeloh20peruit
1294 4637 1457 4707 sucicmejus
1468 4634 1628 4701 crassitudo,
1648 4634 1674 4690 id
1685 4643 1728 4690 est

101 4728 129 4781 in
146 4730 232 4799 gratia
248 4747 281 4786 es
297 4741 473 4802 peccatorum
493 4730 606 4801 iuligine
620 4730 799 4801 designatur;
824 4732 887 4800 pul·
939 4731 1065 4801 superbia
1076 4738 1195 4786 excecat
1211 4739 1328 4785 uranum
1347 4730 1505 4783 humanam.

99 4818 135 4874 lis
146 4834 290 4876 corvorum
305 4838 369 4879 esca
382 4824 473 4890 datur,
485 4838 547 4877 cum
560 4821 693 4877 desideria
708 4837 804 4876 eorum
838 4835 889 4876 no·
973 4824 1079 4890 Crater,
1102 4823 1220 4894 proprie.
1237 4817 1726 4906 Diciturprudicatorquialiis'pro-

100 4917 159 4965 stra
171 4915 378 4970 conversatione
389 4915 559 4971 reticiuntur.
573 4913 618 4970 isti
631 4914 753 4985 carsoli)
764 4928 825 4969 esca
836 4912 887 4968 luit
938 4917 1016 4987 pinat
1030 4916 1158 4987 poculum
1181 4915 1279 4970 salutis
1293 4931 1300 4980 ;
1317 4914 1389 4970 unde
1410 4913 1438 4969 in
1463 4911 1561 4968 Cant:
1580 4909 1725 4965 llmhiiicus

99 5011 264 5072 preparata,
280 5006 389 5073 quando
403 5007 492 5076 ipsum
506 5005 627 5061 Ecclesia
640 5006 675 5060 ad
700 5006 781 5061 iidem
805 5020 884 5061 suam
940 5019 1000 5063 tuus
1010 5010 1079 5062 sieut
1091 5016 1180 5061 crater
1191 5007 1336 5072 tornatilis,
1348 5016 1401 5061 etc.

100 5094 246 5150 convertit.
258 5094 363 5150 Dicitur
384 5097 545 5166 predicator
565 5106 688 5161 sanctus,
714 5097 787 5151 unde
805 5095 884 5150 Salo-
974 5098 1071 5154 Creure
1099 5097 1206 5168 proprie
1228 5113 1262 5152 ex
1287 5098 1373 5152 nihilo
1387 5095 1489 5166 aliquid
1510 5094 1609 5156 lacere,
1634 5107 1726 5162 quan·

99 5201 186 5242 mon:
210 5185 323 5242 Oculum
341 5188 386 5256 qui
422 5188 567 5243 subsannat
589 5197 702 5257 patrem,
723 5196 747 5241 ct
772 5189 818 5258 qui
845 5187 887 5240 dr·
939 5193 974 5248 do
999 5191 1103 5246 seilicet
1142 5189 1255 5244 materia
1276 5198 1304 5245 et
1329 5188 1418 5243 iorma
1444 5194 1573 5243 creantur
1600 5183 1723 5250 insimul,

100 5280 181 5350 spicit
202 5290 309 5350 partum
333 5280 504 5344 matrinae,
523 5283 651 5352 effodiant
672 5283 749 5336 illum
764 5282 834 5335 corui
856 5280 888 5335 de
939 5285 1011 5340 unde
1032 5290 1122 5353 potest
1143 5282 1197 5337 dici
1212 5281 1283 5338 Deus
1310 5288 1429 5345 creator,
1455 5278 1596 5348 opusejus
1610 5277 1722 5333 creatio.

85 5370 275 5425 torrentibus.
288 5368 340 5436 Qui
355 5369 402 5425 Del
424 5370 526 5440 judicia
551 5381 742 5441 contemnunt,
769 5375 888 5430 subsan·
939 5375 1044 5432 Dicitur
1062 5390 1106 5429 res
1130 5383 1222 5430 creata
1247 5383 1394 5437 creatura,
1432 5370 1511 5441 quasi
1534 5378 1723 5434 concreatura,

101 5471 170 5517 nant
183 5461 292 5517 Patrem
311 5481 318 5529 ;
336 5462 384 5533 qui
396 5471 498 5519 satiatae
514 5463 643 5522 Ecclesia
666 5466 887 5537 praedicationem
938 5468 1003 5538 quia
1019 5466 1100 5522 simul
1125 5466 1239 5521 materia
1261 5475 1288 5520 et
1302 5464 1388 5518 torma
1404 5477 1542 5527 creantur,
1556 5461 1629 5518 uude
1639 5458 1727 5516 inGe-

102 5549 235 5621 tlerident,
260 5562 367 5625 partum
395 5554 491 5609 matris
515 5555 693 5626 despiciunt;
716 5559 804 5614 saneti
820 5573 886 5612 rero
940 5559 999 5615 nesi
1016 5577 1023 5612 :
1038 5557 1072 5612 lu
1098 5557 1335 5628 prtactptacreasu
1353 5554 1424 5608 licus
1444 5552 1539 5608 coeluns
1558 5563 1583 5607 ct
1614 5561 1724 5607 terram.

102 5642 306 5712 predicatores,
330 5644 395 5700 dum
413 5643 525 5700 liuentis
549 5659 634 5699 sacre
645 5645 793 5717 scripture
820 5648 889 5703 istas
939 5649 1189 5720 Diciturptasmarc
1213 5646 1256 5702 vel
1278 5660 1427 5716 procreare,
1455 5644 1527 5701 unde
1553 5645 1580 5699 in
1602 5641 1723 5700 Genesi:

104 5731 275 5809 impugnant,
291 5736 339 5809 qui
353 5736 429 5795 corti
442 5736 476 5793 de
489 5737 657 5794 torrentibus
668 5738 765 5796 mutos
780 5754 886 5814 eorum,
939 5739 1044 5799 Crearit
1061 5739 1131 5796 Iteus
1151 5750 1204 5794 cete
1226 5735 1349 5810 grandis.
1366 5734 1472 5792 Dicitur
1494 5752 1622 5802 recreare,
1652 5731 1724 5789 undu
