<?xml version="1.0" encoding="UTF-8"?>
<!DOCTYPE html PUBLIC "-//W3C//DTD XHTML 1.0 Transitional//EN"
    "http://www.w3.org/TR/xhtml1/DTD/xhtml1-transitional.dtd">
<html xmlns="http://www.w3.org/1999/xhtml" xml:lang="en" lang="en">
 <head>
  <title>
</title>
<meta http-equiv="Content-Type" content="text/html;charset=utf-8" />
  <meta name='ocr-system' content='tesseract 3.04.00' />
  <meta name='ocr-capabilities' content='ocr_page ocr_carea ocr_par ocr_line ocrx_word'/>
</head>
<body>
  <div class='ocr_page' id='page_1' title='image "./patrologiaecurs127migngoog/patrologiaecurs127migngoog_0519.png"; bbox 0 0 3992 6042; ppageno 0'>
   <div class='ocr_carea' id='block_1_1' title="bbox 160 162 1773 235">
    <p class='ocr_par' dir='ltr' id='par_1_1' title="bbox 160 162 1773 235">
     <span class='ocr_line' id='line_1_1' title="bbox 160 162 1773 235; baseline 0.003 -15"><span class='ocrx_word' id='word_1_1' title='bbox 160 162 213 221; x_wconf 77' lang='grc'>989</span> <span class='ocrx_word' id='word_1_2' title='bbox 527 164 789 225; x_wconf 74' lang='lat' dir='ltr'>utsutttcttottss</span> <span class='ocrx_word' id='word_1_3' title='bbox 805 165 992 225; x_wconf 72' lang='lat' dir='ltr'>utuntortutt</span> <span class='ocrx_word' id='word_1_4' title='bbox 1013 168 1137 230; x_wconf 71' lang='lat' dir='ltr'>turos.</span> <span class='ocrx_word' id='word_1_5' title='bbox 1157 202 1193 213; x_wconf 90' lang='lat'>-</span> <span class='ocrx_word' id='word_1_6' title='bbox 1206 167 1353 235; x_wconf 61' lang='lat' dir='ltr'>„UTE-VAE</span> <span class='ocrx_word' id='word_1_7' title='bbox 1718 168 1773 225; x_wconf 84' lang='lat' dir='ltr'>too</span> 
     </span>
    </p>
   </div>
   <div class='ocr_carea' id='block_1_2' title="bbox 144 280 1771 3016">
    <p class='ocr_par' dir='ltr' id='par_1_2' title="bbox 144 280 1771 3016">
     <span class='ocr_line' id='line_1_2' title="bbox 157 280 1770 358; baseline 0.004 -23"><span class='ocrx_word' id='word_1_8' title='bbox 157 280 271 351; x_wconf 80' lang='lat' dir='ltr'>quando</span> <span class='ocrx_word' id='word_1_9' title='bbox 289 280 505 347; x_wconf 84' lang='lat' dir='ltr'>similitudinem,</span> <span class='ocrx_word' id='word_1_10' title='bbox 530 282 604 340; x_wconf 87' lang='lat' dir='ltr'>undo</span> <span class='ocrx_word' id='word_1_11' title='bbox 618 281 710 339; x_wconf 81' lang='lat' dir='ltr'>idere:</span> <span class='ocrx_word' id='word_1_12' title='bbox 725 281 760 339; x_wconf 83' lang='lat' dir='ltr'>Dt</span> <span class='ocrx_word' id='word_1_13' title='bbox 774 286 878 355; x_wconf 81' lang='lat' dir='ltr'>raptem</span> <span class='ocrx_word' id='word_1_14' title='bbox 895 302 941 341; x_wconf 90' lang='lat' dir='ltr'>ar·</span> <span class='ocrx_word' id='word_1_15' title='bbox 954 299 978 356; x_wconf 72' lang='grc' dir='ltr'><strong>Α</strong></span> <span class='ocrx_word' id='word_1_16' title='bbox 992 286 1041 354; x_wconf 92' lang='lat' dir='ltr'>tio,</span> <span class='ocrx_word' id='word_1_17' title='bbox 1057 286 1130 344; x_wconf 89' lang='lat' dir='ltr'>noda</span> <span class='ocrx_word' id='word_1_18' title='bbox 1143 286 1172 343; x_wconf 91' lang='lat' dir='ltr'>ln</span> <span class='ocrx_word' id='word_1_19' title='bbox 1190 284 1265 343; x_wconf 76' lang='lat' dir='ltr'>ioh:</span> <span class='ocrx_word' id='word_1_20' title='bbox 1281 285 1320 341; x_wconf 87' lang='lat' dir='ltr'>Do</span> <span class='ocrx_word' id='word_1_21' title='bbox 1334 283 1410 354; x_wconf 74' lang='lat' dir='ltr'>caius</span> <span class='ocrx_word' id='word_1_22' title='bbox 1431 291 1507 338; x_wconf 80' lang='lat' dir='ltr'>attera</span> <span class='ocrx_word' id='word_1_23' title='bbox 1526 298 1631 357; x_wconf 68' lang='lat' dir='ltr'>masso</span> <span class='ocrx_word' id='word_1_24' title='bbox 1649 294 1687 340; x_wconf 85' lang='lat' dir='ltr'>art</span> <span class='ocrx_word' id='word_1_25' title='bbox 1712 285 1770 358; x_wconf 79' lang='lat' dir='ltr'>pta-</span> 
     </span>
     <span class='ocr_line' id='line_1_3' title="bbox 157 373 1771 452; baseline 0.004 -22"><span class='ocrx_word' id='word_1_26' title='bbox 157 373 285 430; x_wconf 81' lang='lat' dir='ltr'>sititeotur</span> <span class='ocrx_word' id='word_1_27' title='bbox 298 374 496 445; x_wconf 72' lang='lat' dir='ltr'>[undamentum</span> <span class='ocrx_word' id='word_1_28' title='bbox 512 375 596 445; x_wconf 89' lang='lat' dir='ltr'>ponit.</span> <span class='ocrx_word' id='word_1_29' title='bbox 617 373 772 444; x_wconf 77' lang='lat' dir='ltr'><strong>Aliquando</strong></span> <span class='ocrx_word' id='word_1_30' title='bbox 791 384 869 432; x_wconf 88' lang='lat' dir='ltr'>notat</span> <span class='ocrx_word' id='word_1_31' title='bbox 881 376 941 433; x_wconf 83' lang='lat' dir='ltr'>oid·</span> <span class='ocrx_word' id='word_1_32' title='bbox 991 381 1065 437; x_wconf 67' lang='lat' dir='ltr'>oms?</span> <span class='ocrx_word' id='word_1_33' title='bbox 1085 390 1110 437; x_wconf 89' lang='lat' dir='ltr'>et</span> <span class='ocrx_word' id='word_1_34' title='bbox 1129 379 1188 452; x_wconf 78' lang='lat' dir='ltr'>polu</span> <span class='ocrx_word' id='word_1_35' title='bbox 1200 379 1233 435; x_wconf 88' lang='lat' dir='ltr'>do</span> <span class='ocrx_word' id='word_1_36' title='bbox 1246 377 1310 434; x_wconf 82' lang='lat' dir='ltr'>rota</span> <span class='ocrx_word' id='word_1_37' title='bbox 1323 377 1382 449; x_wconf 79' lang='lat' dir='ltr'>attis</span> <span class='ocrx_word' id='word_1_38' title='bbox 1395 376 1507 447; x_wconf 77' lang='lat' dir='ltr'>posuit?</span> <span class='ocrx_word' id='word_1_39' title='bbox 1527 375 1553 432; x_wconf 90' lang='lat' dir='ltr'>id</span> <span class='ocrx_word' id='word_1_40' title='bbox 1574 385 1615 433; x_wconf 90' lang='grc' dir='ltr'>εει</span> <span class='ocrx_word' id='word_1_41' title='bbox 1637 376 1670 434; x_wconf 89' lang='lat' dir='ltr'>de</span> <span class='ocrx_word' id='word_1_42' title='bbox 1687 378 1771 449; x_wconf 82' lang='lat' dir='ltr'>cujus</span> 
     </span>
     <span class='ocr_line' id='line_1_4' title="bbox 157 450 1770 545; baseline 0.001 -21"><span class='ocrx_word' id='word_1_43' title='bbox 157 466 275 524; x_wconf 85' lang='lat' dir='ltr'>cientem</span> <span class='ocrx_word' id='word_1_44' title='bbox 287 480 410 533; x_wconf 89' lang='lat' dir='ltr'>causam,</span> <span class='ocrx_word' id='word_1_45' title='bbox 426 466 497 525; x_wconf 88' lang='lat' dir='ltr'>unde</span> <span class='ocrx_word' id='word_1_46' title='bbox 507 464 633 522; x_wconf 85' lang='lat' dir='ltr'>Christus</span> <span class='ocrx_word' id='word_1_47' title='bbox 651 465 691 520; x_wconf 87' lang='lat' dir='ltr'>ait</span> <span class='ocrx_word' id='word_1_48' title='bbox 706 484 713 521; x_wconf 91' lang='lat'><strong>:</strong></span> <span class='ocrx_word' id='word_1_49' title='bbox 727 465 769 519; x_wconf 77' lang='lat' dir='ltr'>Ad</span> <span class='ocrx_word' id='word_1_50' title='bbox 781 466 830 522; x_wconf 79' lang='lat' dir='ltr'>trae</span> <span class='ocrx_word' id='word_1_51' title='bbox 842 470 900 525; x_wconf 82' lang='lat' dir='ltr'>mai</span> <span class='ocrx_word' id='word_1_52' title='bbox 912 450 940 525; x_wconf 78' lang='lat' dir='ltr'>in</span> <span class='ocrx_word' id='word_1_53' title='bbox 990 471 1163 545; x_wconf 82' lang='lat' dir='ltr'>providentia</span> <span class='ocrx_word' id='word_1_54' title='bbox 1179 472 1315 542; x_wconf 66' lang='lat' dir='ltr'>moeson</span> <span class='ocrx_word' id='word_1_55' title='bbox 1337 468 1424 538; x_wconf 81' lang='lat' dir='ltr'>gratia</span> <span class='ocrx_word' id='word_1_56' title='bbox 1445 483 1507 539; x_wconf 77' lang='lat' dir='ltr'>qua</span> <span class='ocrx_word' id='word_1_57' title='bbox 1523 467 1667 540; x_wconf 75' lang='lat' dir='ltr'>refrigerat</span> <span class='ocrx_word' id='word_1_58' title='bbox 1689 470 1770 526; x_wconf 85' lang='lat' dir='ltr'>ritio-</span> 
     </span>
     <span class='ocr_line' id='line_1_5' title="bbox 156 556 1770 631; baseline -0.001 -14"><span class='ocrx_word' id='word_1_59' title='bbox 156 558 286 613; x_wconf 80' lang='lat' dir='ltr'>tnundttm</span> <span class='ocrx_word' id='word_1_60' title='bbox 298 556 545 629; x_wconf 75' lang='lat' dir='ltr'>utauiuauot&#39;dent</span> <span class='ocrx_word' id='word_1_61' title='bbox 562 557 679 619; x_wconf 63' lang='lat' dir='ltr'>sidunt.</span> <span class='ocrx_word' id='word_1_62' title='bbox 990 578 1052 619; x_wconf 87' lang='lat' dir='ltr'>rum</span> <span class='ocrx_word' id='word_1_63' title='bbox 1076 562 1222 619; x_wconf 84' lang='lat' dir='ltr'>incentiva.</span> <span class='ocrx_word' id='word_1_64' title='bbox 1243 560 1349 617; x_wconf 91' lang='lat' dir='ltr'>Dicitur</span> <span class='ocrx_word' id='word_1_65' title='bbox 1372 559 1467 631; x_wconf 74' lang='lat' dir='ltr'>legalis</span> <span class='ocrx_word' id='word_1_66' title='bbox 1484 559 1669 627; x_wconf 82' lang='lat' dir='ltr'>obseruantia,</span> <span class='ocrx_word' id='word_1_67' title='bbox 1697 560 1770 616; x_wconf 85' lang='lat' dir='ltr'>unde</span> 
     </span>
     <span class='ocr_line' id='line_1_6' title="bbox 196 648 1770 724; baseline 0.001 -19"><span class='ocrx_word' id='word_1_68' title='bbox 196 648 270 715; x_wconf 84' lang='lat' dir='ltr'>Uter,</span> <span class='ocrx_word' id='word_1_69' title='bbox 291 651 409 722; x_wconf 80' lang='lat' dir='ltr'>proprie.</span> <span class='ocrx_word' id='word_1_70' title='bbox 425 649 529 707; x_wconf 79' lang='lat' dir='ltr'>Dicitur</span> <span class='ocrx_word' id='word_1_71' title='bbox 550 651 634 709; x_wconf 88' lang='lat' dir='ltr'>homo</span> <span class='ocrx_word' id='word_1_72' title='bbox 660 653 780 712; x_wconf 88' lang='lat' dir='ltr'>retinens</span> <span class='ocrx_word' id='word_1_73' title='bbox 808 654 938 711; x_wconf 85' lang='lat' dir='ltr'>mandata</span> <span class='ocrx_word' id='word_1_74' title='bbox 989 654 1136 724; x_wconf 73' lang='lat' dir='ltr'><strong>Apostolus</strong></span> <span class='ocrx_word' id='word_1_75' title='bbox 1150 668 1158 708; x_wconf 79' lang='lat' dir='ltr'>a</span> <span class='ocrx_word' id='word_1_76' title='bbox 1172 652 1240 709; x_wconf 81' lang='lat' dir='ltr'>dum</span> <span class='ocrx_word' id='word_1_77' title='bbox 1258 659 1346 706; x_wconf 71' lang='lat' dir='ltr'>ouum</span> <span class='ocrx_word' id='word_1_78' title='bbox 1366 648 1466 721; x_wconf 88' lang='lat' dir='ltr'>placuit</span> <span class='ocrx_word' id='word_1_79' title='bbox 1479 651 1514 716; x_wconf 85' lang='lat' dir='ltr'>ei,</span> <span class='ocrx_word' id='word_1_80' title='bbox 1532 666 1573 705; x_wconf 86' lang='lat' dir='ltr'>me</span> <span class='ocrx_word' id='word_1_81' title='bbox 1586 651 1770 722; x_wconf 81' lang='lat' dir='ltr'>seprapoaitdo</span> 
     </span>
     <span class='ocr_line' id='line_1_7' title="bbox 156 737 1768 814; baseline 0.005 -21"><span class='ocrx_word' id='word_1_82' title='bbox 156 737 217 806; x_wconf 90' lang='lat' dir='ltr'>Dei,</span> <span class='ocrx_word' id='word_1_83' title='bbox 229 740 302 796; x_wconf 91' lang='lat' dir='ltr'>sicut</span> <span class='ocrx_word' id='word_1_84' title='bbox 314 750 375 797; x_wconf 88' lang='lat' dir='ltr'>uter</span> <span class='ocrx_word' id='word_1_85' title='bbox 387 741 485 798; x_wconf 86' lang='lat' dir='ltr'>retinet</span> <span class='ocrx_word' id='word_1_86' title='bbox 507 742 654 812; x_wconf 81' lang='lat' dir='ltr'>liquorem,</span> <span class='ocrx_word' id='word_1_87' title='bbox 675 746 748 801; x_wconf 90' lang='lat' dir='ltr'>unde</span> <span class='ocrx_word' id='word_1_88' title='bbox 760 744 844 801; x_wconf 86' lang='lat' dir='ltr'>David</span> <span class='ocrx_word' id='word_1_89' title='bbox 858 765 866 801; x_wconf 73' lang='grc' dir='ltr'>ε</span> <span class='ocrx_word' id='word_1_90' title='bbox 882 745 939 801; x_wconf 81' lang='lat' dir='ltr'>Fa·</span> <span class='ocrx_word' id='word_1_91' title='bbox 989 755 1063 801; x_wconf 85' lang='lat' dir='ltr'>utero</span> <span class='ocrx_word' id='word_1_92' title='bbox 1074 746 1167 800; x_wconf 86' lang='lat' dir='ltr'>matris</span> <span class='ocrx_word' id='word_1_93' title='bbox 1181 760 1255 809; x_wconf 75' lang='lat' dir='ltr'>meo,</span> <span class='ocrx_word' id='word_1_94' title='bbox 1272 743 1299 799; x_wconf 92' lang='lat' dir='ltr'>id</span> <span class='ocrx_word' id='word_1_95' title='bbox 1314 753 1356 799; x_wconf 88' lang='lat' dir='ltr'>est</span> <span class='ocrx_word' id='word_1_96' title='bbox 1368 742 1402 798; x_wconf 86' lang='lat' dir='ltr'>de</span> <span class='ocrx_word' id='word_1_97' title='bbox 1415 742 1495 814; x_wconf 86' lang='lat' dir='ltr'>legali</span> <span class='ocrx_word' id='word_1_98' title='bbox 1510 742 1693 812; x_wconf 86' lang='lat' dir='ltr'>observantia,</span> <span class='ocrx_word' id='word_1_99' title='bbox 1714 754 1768 801; x_wconf 89' lang='lat' dir='ltr'>etc.</span> 
     </span>
     <span class='ocr_line' id='line_1_8' title="bbox 154 831 1768 907; baseline 0.006 -24"><span class='ocrx_word' id='word_1_100' title='bbox 154 839 214 885; x_wconf 81' lang='lat' dir='ltr'>otus</span> <span class='ocrx_word' id='word_1_101' title='bbox 226 846 286 885; x_wconf 84' lang='lat' dir='ltr'>rum</span> <span class='ocrx_word' id='word_1_102' title='bbox 304 831 375 885; x_wconf 86' lang='lat' dir='ltr'>sicat</span> <span class='ocrx_word' id='word_1_103' title='bbox 389 838 448 885; x_wconf 87' lang='lat' dir='ltr'>uter</span> <span class='ocrx_word' id='word_1_104' title='bbox 467 834 495 887; x_wconf 88' lang='lat' dir='ltr'>itt</span> <span class='ocrx_word' id='word_1_105' title='bbox 510 833 618 903; x_wconf 83' lang='lat' dir='ltr'>pruina,</span> <span class='ocrx_word' id='word_1_106' title='bbox 635 835 663 891; x_wconf 90' lang='lat' dir='ltr'>id</span> <span class='ocrx_word' id='word_1_107' title='bbox 687 846 729 891; x_wconf 90' lang='lat' dir='ltr'>est</span> <span class='ocrx_word' id='word_1_108' title='bbox 746 837 875 891; x_wconf 89' lang='lat' dir='ltr'>mandata</span> <span class='ocrx_word' id='word_1_109' title='bbox 892 834 940 891; x_wconf 88' lang='lat' dir='ltr'>Dei</span> <span class='ocrx_word' id='word_1_110' title='bbox 1025 835 1081 904; x_wconf 85' lang='lat' dir='ltr'>Dti,</span> <span class='ocrx_word' id='word_1_111' title='bbox 1101 836 1221 907; x_wconf 88' lang='lat' dir='ltr'>proprie.</span> <span class='ocrx_word' id='word_1_112' title='bbox 1243 835 1324 891; x_wconf 83' lang='lat' dir='ltr'>Notat</span> <span class='ocrx_word' id='word_1_113' title='bbox 1351 834 1379 889; x_wconf 92' lang='lat' dir='ltr'>in</span> <span class='ocrx_word' id='word_1_114' title='bbox 1405 848 1457 889; x_wconf 88' lang='lat' dir='ltr'>usu</span> <span class='ocrx_word' id='word_1_115' title='bbox 1482 835 1582 891; x_wconf 89' lang='lat' dir='ltr'>hahere</span> <span class='ocrx_word' id='word_1_116' title='bbox 1607 836 1768 906; x_wconf 89' lang='lat' dir='ltr'>temporalia</span> 
     </span>
     <span class='ocr_line' id='line_1_9' title="bbox 154 922 1769 1001; baseline 0.004 -25"><span class='ocrx_word' id='word_1_117' title='bbox 154 923 276 977; x_wconf 89' lang='lat' dir='ltr'>retinens</span> <span class='ocrx_word' id='word_1_118' title='bbox 303 922 375 995; x_wconf 84' lang='lat' dir='ltr'>inter</span> <span class='ocrx_word' id='word_1_119' title='bbox 398 931 567 993; x_wconf 87' lang='lat' dir='ltr'>peccatores.</span> <span class='ocrx_word' id='word_1_120' title='bbox 583 922 690 982; x_wconf 91' lang='lat' dir='ltr'>Dicitur</span> <span class='ocrx_word' id='word_1_121' title='bbox 711 927 812 998; x_wconf 86' lang='lat' dir='ltr'>aliquis</span> <span class='ocrx_word' id='word_1_122' title='bbox 833 927 862 983; x_wconf 95' lang='lat' dir='ltr'>in</span> <span class='ocrx_word' id='word_1_123' title='bbox 882 940 939 997; x_wconf 83' lang='lat' dir='ltr'>quo</span> <span class='ocrx_word' id='word_1_124' title='bbox 987 928 1204 1001; x_wconf 89' lang='lat' dir='ltr'>propterDeum,</span> <span class='ocrx_word' id='word_1_125' title='bbox 1220 928 1292 986; x_wconf 89' lang='lat' dir='ltr'>uude</span> <span class='ocrx_word' id='word_1_126' title='bbox 1303 927 1471 999; x_wconf 69' lang='lat' dir='ltr'>Augustinus</span> <span class='ocrx_word' id='word_1_127' title='bbox 1487 944 1494 981; x_wconf 92' lang='lat'><strong>:</strong></span> <span class='ocrx_word' id='word_1_128' title='bbox 1510 925 1605 982; x_wconf 84' lang='lat' dir='ltr'>Dtiest</span> <span class='ocrx_word' id='word_1_129' title='bbox 1620 944 1673 983; x_wconf 83' lang='lat' dir='ltr'>rem</span> <span class='ocrx_word' id='word_1_130' title='bbox 1689 944 1769 999; x_wconf 82' lang='lat' dir='ltr'>quota</span> 
     </span>
     <span class='ocr_line' id='line_1_10' title="bbox 152 1012 1768 1093; baseline 0.006 -27"><span class='ocrx_word' id='word_1_131' title='bbox 152 1012 287 1068; x_wconf 77' lang='lat' dir='ltr'>exstincta</span> <span class='ocrx_word' id='word_1_132' title='bbox 295 1021 338 1069; x_wconf 91' lang='lat' dir='ltr'>est</span> <span class='ocrx_word' id='word_1_133' title='bbox 350 1014 584 1085; x_wconf 88' lang='lat' dir='ltr'>eoncupiscentia,</span> <span class='ocrx_word' id='word_1_134' title='bbox 596 1016 662 1087; x_wconf 82' lang='lat' dir='ltr'>quia</span> <span class='ocrx_word' id='word_1_135' title='bbox 672 1018 771 1074; x_wconf 89' lang='lat' dir='ltr'>uterlit</span> <span class='ocrx_word' id='word_1_136' title='bbox 781 1019 815 1074; x_wconf 88' lang='lat' dir='ltr'>de</span> <span class='ocrx_word' id='word_1_137' title='bbox 822 1019 939 1090; x_wconf 87' lang='lat' dir='ltr'>pellibus</span> <span class='ocrx_word' id='word_1_138' title='bbox 986 1021 1132 1093; x_wconf 65' lang='lat' dir='ltr'>manahat</span> <span class='ocrx_word' id='word_1_139' title='bbox 1153 1022 1181 1077; x_wconf 87' lang='lat' dir='ltr'>io</span> <span class='ocrx_word' id='word_1_140' title='bbox 1203 1037 1281 1076; x_wconf 88' lang='lat' dir='ltr'>usum</span> <span class='ocrx_word' id='word_1_141' title='bbox 1298 1020 1395 1091; x_wconf 68' lang='lat' dir='ltr'>reterre</span> <span class='ocrx_word' id='word_1_142' title='bbox 1408 1019 1443 1074; x_wconf 86' lang='lat' dir='ltr'>od</span> <span class='ocrx_word' id='word_1_143' title='bbox 1459 1018 1487 1072; x_wconf 91' lang='lat' dir='ltr'>id</span> <span class='ocrx_word' id='word_1_144' title='bbox 1510 1018 1679 1075; x_wconf 76' lang='lat' dir='ltr'>attinendum</span> <span class='ocrx_word' id='word_1_145' title='bbox 1699 1021 1768 1092; x_wconf 82' lang='lat' dir='ltr'>quad</span> 
     </span>
     <span class='ocr_line' id='line_1_11' title="bbox 153 1102 1770 1184; baseline 0.006 -28"><span class='ocrx_word' id='word_1_146' title='bbox 153 1103 256 1158; x_wconf 90' lang='lat' dir='ltr'>mortui</span> <span class='ocrx_word' id='word_1_147' title='bbox 275 1102 415 1171; x_wconf 89' lang='lat' dir='ltr'>animalis,</span> <span class='ocrx_word' id='word_1_148' title='bbox 430 1103 502 1160; x_wconf 91' lang='lat' dir='ltr'>unde</span> <span class='ocrx_word' id='word_1_149' title='bbox 516 1104 667 1161; x_wconf 89' lang='lat' dir='ltr'>secuudum</span> <span class='ocrx_word' id='word_1_150' title='bbox 680 1107 763 1163; x_wconf 83' lang='lat' dir='ltr'>aliam</span> <span class='ocrx_word' id='word_1_151' title='bbox 786 1109 938 1179; x_wconf 83' lang='lat' dir='ltr'>expositio·</span> <span class='ocrx_word' id='word_1_152' title='bbox 987 1121 1025 1166; x_wconf 82' lang='lat' dir='ltr'>est</span> <span class='ocrx_word' id='word_1_153' title='bbox 1040 1112 1106 1184; x_wconf 73' lang='lat' dir='ltr'>proi,</span> <span class='ocrx_word' id='word_1_154' title='bbox 1130 1111 1215 1166; x_wconf 80' lang='lat' dir='ltr'>Deum</span> <span class='ocrx_word' id='word_1_155' title='bbox 1230 1110 1359 1166; x_wconf 74' lang='lat' dir='ltr'>videlicet.</span> <span class='ocrx_word' id='word_1_156' title='bbox 1376 1110 1532 1181; x_wconf 73' lang='lat' dir='ltr'>Aliquando</span> <span class='ocrx_word' id='word_1_157' title='bbox 1553 1111 1636 1166; x_wconf 87' lang='lat' dir='ltr'>etiam</span> <span class='ocrx_word' id='word_1_158' title='bbox 1652 1112 1770 1166; x_wconf 83' lang='lat' dir='ltr'>sumitur</span> 
     </span>
     <span class='ocr_line' id='line_1_12' title="bbox 151 1193 1771 1274; baseline 0.006 -26"><span class='ocrx_word' id='word_1_159' title='bbox 151 1209 214 1249; x_wconf 87' lang='lat' dir='ltr'>nem</span> <span class='ocrx_word' id='word_1_160' title='bbox 226 1210 233 1247; x_wconf 90' lang='lat'><strong>:</strong></span> <span class='ocrx_word' id='word_1_161' title='bbox 247 1193 414 1250; x_wconf 80' lang='lat' dir='ltr'>Factaasum</span> <span class='ocrx_word' id='word_1_162' title='bbox 422 1196 490 1251; x_wconf 82' lang='lat' dir='ltr'>sicat</span> <span class='ocrx_word' id='word_1_163' title='bbox 500 1204 558 1251; x_wconf 86' lang='lat' dir='ltr'>uter</span> <span class='ocrx_word' id='word_1_164' title='bbox 569 1197 596 1251; x_wconf 88' lang='lat' dir='ltr'>in</span> <span class='ocrx_word' id='word_1_165' title='bbox 606 1199 713 1268; x_wconf 86' lang='lat' dir='ltr'>pruina,</span> <span class='ocrx_word' id='word_1_166' title='bbox 726 1200 753 1255; x_wconf 95' lang='lat' dir='ltr'>id</span> <span class='ocrx_word' id='word_1_167' title='bbox 761 1209 937 1256; x_wconf 87' lang='lat' dir='ltr'>estmortuus</span> <span class='ocrx_word' id='word_1_168' title='bbox 985 1215 1036 1272; x_wconf 90' lang='lat' dir='ltr'>pro</span> <span class='ocrx_word' id='word_1_169' title='bbox 1062 1201 1133 1273; x_wconf 62' lang='grc' dir='ltr'>[τεὴ</span> <span class='ocrx_word' id='word_1_170' title='bbox 1156 1201 1304 1274; x_wconf 87' lang='lat' dir='ltr'>aliquando</span> <span class='ocrx_word' id='word_1_171' title='bbox 1321 1201 1439 1258; x_wconf 84' lang='lat' dir='ltr'>sumitur</span> <span class='ocrx_word' id='word_1_172' title='bbox 1462 1215 1514 1273; x_wconf 93' lang='lat' dir='ltr'>pro</span> <span class='ocrx_word' id='word_1_173' title='bbox 1532 1200 1637 1268; x_wconf 82' lang='lat' dir='ltr'>habitu,</span> <span class='ocrx_word' id='word_1_174' title='bbox 1658 1202 1704 1258; x_wconf 84' lang='lat' dir='ltr'>sed</span> <span class='ocrx_word' id='word_1_175' title='bbox 1719 1202 1771 1257; x_wconf 91' lang='lat' dir='ltr'>iru-</span> 
     </span>
     <span class='ocr_line' id='line_1_13' title="bbox 150 1282 1104 1361; baseline 0.009 -24"><span class='ocrx_word' id='word_1_176' title='bbox 150 1282 388 1353; x_wconf 85' lang='lat' dir='ltr'>conoupiseeutiae.</span> <span class='ocrx_word' id='word_1_177' title='bbox 406 1283 511 1341; x_wconf 85' lang='lat' dir='ltr'>Dicitur</span> <span class='ocrx_word' id='word_1_178' title='bbox 524 1286 607 1343; x_wconf 88' lang='lat' dir='ltr'>humo</span> <span class='ocrx_word' id='word_1_179' title='bbox 621 1289 749 1357; x_wconf 87' lang='lat' dir='ltr'>carnaiis,</span> <span class='ocrx_word' id='word_1_180' title='bbox 761 1291 833 1346; x_wconf 90' lang='lat' dir='ltr'>unde</span> <span class='ocrx_word' id='word_1_181' title='bbox 844 1289 938 1347; x_wconf 87' lang='lat' dir='ltr'>Domi·</span> <span class='ocrx_word' id='word_1_182' title='bbox 984 1290 1104 1361; x_wconf 90' lang='lat' dir='ltr'>proprie.</span> 
     </span>
     <span class='ocr_line' id='line_1_14' title="bbox 151 1371 1770 1455; baseline 0.008 -28"><span class='ocrx_word' id='word_1_183' title='bbox 151 1371 322 1445; x_wconf 79' lang='lat' dir='ltr'>nusaiieque</span> <span class='ocrx_word' id='word_1_184' title='bbox 331 1376 640 1435; x_wconf 84' lang='lat' dir='ltr'>mittaatoinumnooum</span> <span class='ocrx_word' id='word_1_185' title='bbox 653 1381 682 1435; x_wconf 88' lang='lat' dir='ltr'>in</span> <span class='ocrx_word' id='word_1_186' title='bbox 693 1390 765 1438; x_wconf 82' lang='lat' dir='ltr'>utros</span> <span class='ocrx_word' id='word_1_187' title='bbox 776 1382 937 1450; x_wconf 64' lang='lat' dir='ltr'>armostai</span> <span class='ocrx_word' id='word_1_188' title='bbox 1023 1381 1089 1451; x_wconf 81' lang='lat' dir='ltr'>dua,</span> <span class='ocrx_word' id='word_1_189' title='bbox 1108 1382 1227 1454; x_wconf 89' lang='lat' dir='ltr'>proprie.</span> <span class='ocrx_word' id='word_1_190' title='bbox 1244 1381 1350 1439; x_wconf 83' lang='lat' dir='ltr'>Dicitur</span> <span class='ocrx_word' id='word_1_191' title='bbox 1367 1383 1508 1441; x_wconf 74' lang='lat' dir='ltr'>secularis</span> <span class='ocrx_word' id='word_1_192' title='bbox 1519 1399 1606 1448; x_wconf 88' lang='lat' dir='ltr'>meos,</span> <span class='ocrx_word' id='word_1_193' title='bbox 1620 1384 1691 1440; x_wconf 88' lang='lat' dir='ltr'>unde</span> <span class='ocrx_word' id='word_1_194' title='bbox 1706 1400 1770 1455; x_wconf 88' lang='lat' dir='ltr'>pro-</span> 
     </span>
     <span class='ocr_line' id='line_1_15' title="bbox 150 1465 1769 1548; baseline 0.007 -30"><span class='ocrx_word' id='word_1_195' title='bbox 150 1465 241 1519; x_wconf 84' lang='lat' dir='ltr'>aioum</span> <span class='ocrx_word' id='word_1_196' title='bbox 261 1481 356 1520; x_wconf 85' lang='lat' dir='ltr'>aarum</span> <span class='ocrx_word' id='word_1_197' title='bbox 374 1468 401 1522; x_wconf 87' lang='lat' dir='ltr'>in</span> <span class='ocrx_word' id='word_1_198' title='bbox 412 1476 483 1524; x_wconf 84' lang='lat' dir='ltr'>utres</span> <span class='ocrx_word' id='word_1_199' title='bbox 496 1484 586 1535; x_wconf 81' lang='lat' dir='ltr'>nasos,</span> <span class='ocrx_word' id='word_1_200' title='bbox 598 1470 661 1541; x_wconf 86' lang='lat' dir='ltr'>quia</span> <span class='ocrx_word' id='word_1_201' title='bbox 676 1473 827 1543; x_wconf 88' lang='lat' dir='ltr'>spiritualia</span> <span class='ocrx_word' id='word_1_202' title='bbox 836 1487 936 1543; x_wconf 72' lang='lat' dir='ltr'>prace-</span> <span class='ocrx_word' id='word_1_203' title='bbox 984 1474 1088 1547; x_wconf 89' lang='lat' dir='ltr'>pheta:</span> <span class='ocrx_word' id='word_1_204' title='bbox 1112 1474 1272 1546; x_wconf 78' lang='lat' dir='ltr'>Easpectoti</span> <span class='ocrx_word' id='word_1_205' title='bbox 1296 1485 1326 1531; x_wconf 91' lang='lat' dir='ltr'>at</span> <span class='ocrx_word' id='word_1_206' title='bbox 1349 1476 1448 1548; x_wconf 76' lang='lat' dir='ltr'>[areret</span> <span class='ocrx_word' id='word_1_207' title='bbox 1465 1492 1529 1531; x_wconf 83' lang='lat' dir='ltr'>uuas</span> <span class='ocrx_word' id='word_1_208' title='bbox 1551 1485 1575 1529; x_wconf 91' lang='lat' dir='ltr'>et</span> <span class='ocrx_word' id='word_1_209' title='bbox 1595 1476 1656 1547; x_wconf 73' lang='lat' dir='ltr'>[ecit</span> <span class='ocrx_word' id='word_1_210' title='bbox 1677 1476 1769 1530; x_wconf 85' lang='lat' dir='ltr'>latru-</span> 
     </span>
     <span class='ocr_line' id='line_1_16' title="bbox 149 1557 1766 1634; baseline 0.009 -23"><span class='ocrx_word' id='word_1_211' title='bbox 149 1565 196 1627; x_wconf 85' lang='lat' dir='ltr'>pta</span> <span class='ocrx_word' id='word_1_212' title='bbox 214 1571 267 1613; x_wconf 89' lang='lat' dir='ltr'>nott</span> <span class='ocrx_word' id='word_1_213' title='bbox 280 1557 483 1615; x_wconf 87' lang='lat' dir='ltr'>suntmittettda</span> <span class='ocrx_word' id='word_1_214' title='bbox 498 1560 666 1629; x_wconf 82' lang='lat' dir='ltr'>carnalibus,</span> <span class='ocrx_word' id='word_1_215' title='bbox 682 1563 730 1619; x_wconf 84' lang='lat' dir='ltr'>sod</span> <span class='ocrx_word' id='word_1_216' title='bbox 745 1563 934 1634; x_wconf 72' lang='lat' dir='ltr'>spiritualibus</span> <span class='ocrx_word' id='word_1_217' title='bbox 983 1582 1054 1633; x_wconf 86' lang='lat' dir='ltr'>scot,</span> <span class='ocrx_word' id='word_1_218' title='bbox 1077 1576 1129 1623; x_wconf 84' lang='lat' dir='ltr'>ete.</span> <span class='ocrx_word' id='word_1_219' title='bbox 1155 1566 1257 1624; x_wconf 88' lang='lat' dir='ltr'>Dicitur</span> <span class='ocrx_word' id='word_1_220' title='bbox 1280 1584 1345 1630; x_wconf 92' lang='lat' dir='ltr'>caro</span> <span class='ocrx_word' id='word_1_221' title='bbox 1367 1567 1480 1633; x_wconf 83' lang='lat' dir='ltr'>Christi,</span> <span class='ocrx_word' id='word_1_222' title='bbox 1509 1566 1582 1623; x_wconf 89' lang='lat' dir='ltr'>unde</span> <span class='ocrx_word' id='word_1_223' title='bbox 1606 1569 1632 1622; x_wconf 87' lang='lat' dir='ltr'>itt</span> <span class='ocrx_word' id='word_1_224' title='bbox 1646 1565 1766 1625; x_wconf 80' lang='lat' dir='ltr'>Gertesi:</span> 
     </span>
     <span class='ocr_line' id='line_1_17' title="bbox 148 1648 1769 1732; baseline 0.006 -28"><span class='ocrx_word' id='word_1_225' title='bbox 148 1648 255 1705; x_wconf 88' lang='lat' dir='ltr'>Dicitur</span> <span class='ocrx_word' id='word_1_226' title='bbox 267 1648 349 1704; x_wconf 88' lang='lat' dir='ltr'>timor</span> <span class='ocrx_word' id='word_1_227' title='bbox 360 1651 468 1717; x_wconf 88' lang='lat' dir='ltr'>mortis,</span> <span class='ocrx_word' id='word_1_228' title='bbox 486 1653 558 1708; x_wconf 87' lang='lat' dir='ltr'>uode</span> <span class='ocrx_word' id='word_1_229' title='bbox 568 1652 653 1710; x_wconf 84' lang='lat' dir='ltr'>Dauid</span> <span class='ocrx_word' id='word_1_230' title='bbox 666 1672 674 1710; x_wconf 91' lang='lat'>:</span> <span class='ocrx_word' id='word_1_231' title='bbox 689 1652 859 1727; x_wconf 81' lang='lat' dir='ltr'>Conpregorts</span> <span class='ocrx_word' id='word_1_232' title='bbox 881 1656 934 1711; x_wconf 83' lang='lat' dir='ltr'>sic·</span> <span class='ocrx_word' id='word_1_233' title='bbox 946 1652 968 1708; x_wconf 87' lang='lat' dir='ltr'>B</span> <span class='ocrx_word' id='word_1_234' title='bbox 981 1657 1095 1714; x_wconf 84' lang='lat' dir='ltr'>Laoolit</span> <span class='ocrx_word' id='word_1_235' title='bbox 1111 1659 1206 1715; x_wconf 90' lang='lat' dir='ltr'>stolam</span> <span class='ocrx_word' id='word_1_236' title='bbox 1222 1676 1299 1715; x_wconf 84' lang='lat' dir='ltr'>suom</span> <span class='ocrx_word' id='word_1_237' title='bbox 1322 1661 1349 1714; x_wconf 88' lang='lat' dir='ltr'>in</span> <span class='ocrx_word' id='word_1_238' title='bbox 1373 1659 1501 1732; x_wconf 82' lang='lat' dir='ltr'>soupaine</span> <span class='ocrx_word' id='word_1_239' title='bbox 1511 1675 1578 1726; x_wconf 81' lang='lat' dir='ltr'>ooo,</span> <span class='ocrx_word' id='word_1_240' title='bbox 1593 1659 1674 1714; x_wconf 89' lang='lat' dir='ltr'>idest</span> <span class='ocrx_word' id='word_1_241' title='bbox 1688 1657 1769 1715; x_wconf 89' lang='lat' dir='ltr'>Chri·</span> 
     </span>
     <span class='ocr_line' id='line_1_18' title="bbox 148 1744 1768 1822; baseline 0.007 -26"><span class='ocrx_word' id='word_1_242' title='bbox 148 1751 178 1797; x_wconf 88' lang='lat' dir='ltr'>ot</span> <span class='ocrx_word' id='word_1_243' title='bbox 205 1744 234 1797; x_wconf 86' lang='lat' dir='ltr'>in</span> <span class='ocrx_word' id='word_1_244' title='bbox 254 1752 340 1799; x_wconf 83' lang='lat' dir='ltr'>utrem</span> <span class='ocrx_word' id='word_1_245' title='bbox 363 1761 446 1817; x_wconf 79' lang='lat' dir='ltr'>aquas</span> <span class='ocrx_word' id='word_1_246' title='bbox 471 1748 564 1813; x_wconf 87' lang='lat' dir='ltr'>maris,</span> <span class='ocrx_word' id='word_1_247' title='bbox 579 1748 644 1821; x_wconf 82' lang='lat' dir='ltr'>quia</span> <span class='ocrx_word' id='word_1_248' title='bbox 666 1750 861 1822; x_wconf 86' lang='lat' dir='ltr'>inlideles,qui</span> <span class='ocrx_word' id='word_1_249' title='bbox 883 1765 933 1821; x_wconf 85' lang='lat' dir='ltr'>per</span> <span class='ocrx_word' id='word_1_250' title='bbox 985 1760 1046 1808; x_wconf 89' lang='lat' dir='ltr'>stus</span> <span class='ocrx_word' id='word_1_251' title='bbox 1070 1751 1173 1808; x_wconf 86' lang='lat' dir='ltr'>latahit</span> <span class='ocrx_word' id='word_1_252' title='bbox 1190 1766 1302 1808; x_wconf 88' lang='lat' dir='ltr'>caruem</span> <span class='ocrx_word' id='word_1_253' title='bbox 1327 1766 1405 1807; x_wconf 86' lang='lat' dir='ltr'>suant</span> <span class='ocrx_word' id='word_1_254' title='bbox 1429 1752 1457 1806; x_wconf 93' lang='lat' dir='ltr'>in</span> <span class='ocrx_word' id='word_1_255' title='bbox 1487 1750 1599 1821; x_wconf 89' lang='lat' dir='ltr'>proprio</span> <span class='ocrx_word' id='word_1_256' title='bbox 1623 1750 1768 1822; x_wconf 86' lang='lat' dir='ltr'>sanguine.</span> 
     </span>
     <span class='ocr_line' id='line_1_19' title="bbox 147 1837 1770 1912; baseline 0.002 -21"><span class='ocrx_word' id='word_1_257' title='bbox 147 1851 235 1907; x_wconf 90' lang='lat' dir='ltr'>aquas</span> <span class='ocrx_word' id='word_1_258' title='bbox 256 1837 340 1893; x_wconf 87' lang='lat' dir='ltr'>maris</span> <span class='ocrx_word' id='word_1_259' title='bbox 354 1838 507 1909; x_wconf 78' lang='lat' dir='ltr'>signantur,</span> <span class='ocrx_word' id='word_1_260' title='bbox 535 1853 590 1895; x_wconf 90' lang='lat' dir='ltr'>nott</span> <span class='ocrx_word' id='word_1_261' title='bbox 604 1841 707 1896; x_wconf 90' lang='lat' dir='ltr'>audent</span> <span class='ocrx_word' id='word_1_262' title='bbox 721 1841 820 1896; x_wconf 88' lang='lat' dir='ltr'>mutire</span> <span class='ocrx_word' id='word_1_263' title='bbox 834 1841 934 1898; x_wconf 88' lang='lat' dir='ltr'>tituen-</span> <span class='ocrx_word' id='word_1_264' title='bbox 984 1840 1091 1898; x_wconf 89' lang='lat' dir='ltr'>Dicitur</span> <span class='ocrx_word' id='word_1_265' title='bbox 1111 1857 1180 1912; x_wconf 92' lang='lat' dir='ltr'>opus</span> <span class='ocrx_word' id='word_1_266' title='bbox 1192 1842 1306 1909; x_wconf 88' lang='lat' dir='ltr'>malurn,</span> <span class='ocrx_word' id='word_1_267' title='bbox 1319 1841 1391 1899; x_wconf 85' lang='lat' dir='ltr'>unde</span> <span class='ocrx_word' id='word_1_268' title='bbox 1406 1861 1413 1900; x_wconf 75' lang='lat' dir='ltr'>a</span> <span class='ocrx_word' id='word_1_269' title='bbox 1429 1841 1469 1897; x_wconf 83' lang='lat' dir='ltr'>De</span> <span class='ocrx_word' id='word_1_270' title='bbox 1483 1858 1533 1897; x_wconf 86' lang='lat' dir='ltr'>uua</span> <span class='ocrx_word' id='word_1_271' title='bbox 1546 1857 1636 1896; x_wconf 87' lang='lat' dir='ltr'>eoram</span> <span class='ocrx_word' id='word_1_272' title='bbox 1652 1857 1704 1896; x_wconf 89' lang='lat' dir='ltr'>aaa</span> <span class='ocrx_word' id='word_1_273' title='bbox 1719 1840 1770 1912; x_wconf 70' lang='lat' dir='ltr'>pel·</span> 
     </span>
     <span class='ocr_line' id='line_1_20' title="bbox 147 1928 1768 2003; baseline 0.001 -20"><span class='ocrx_word' id='word_1_274' title='bbox 147 1937 190 1983; x_wconf 88' lang='lat' dir='ltr'>tes</span> <span class='ocrx_word' id='word_1_275' title='bbox 202 1928 265 1999; x_wconf 91' lang='lat' dir='ltr'>pelli</span> <span class='ocrx_word' id='word_1_276' title='bbox 277 1944 344 1995; x_wconf 82' lang='lat' dir='ltr'>suae,</span> <span class='ocrx_word' id='word_1_277' title='bbox 361 1930 436 1985; x_wconf 87' lang='lat' dir='ltr'>etita</span> <span class='ocrx_word' id='word_1_278' title='bbox 449 1930 523 1988; x_wconf 89' lang='lat' dir='ltr'>intus</span> <span class='ocrx_word' id='word_1_279' title='bbox 538 1939 630 1987; x_wconf 87' lang='lat' dir='ltr'>tenent</span> <span class='ocrx_word' id='word_1_280' title='bbox 644 1931 715 1987; x_wconf 90' lang='lat' dir='ltr'>mala</span> <span class='ocrx_word' id='word_1_281' title='bbox 731 1947 793 2003; x_wconf 75' lang='lat' dir='ltr'>quar</span> <span class='ocrx_word' id='word_1_282' title='bbox 813 1936 869 1989; x_wconf 84' lang='lat' dir='ltr'>tion</span> <span class='ocrx_word' id='word_1_283' title='bbox 885 1948 935 1988; x_wconf 87' lang='lat' dir='ltr'>au·</span> <span class='ocrx_word' id='word_1_284' title='bbox 987 1932 1034 2000; x_wconf 88' lang='lat' dir='ltr'>lis,</span> <span class='ocrx_word' id='word_1_285' title='bbox 1052 1932 1132 1988; x_wconf 87' lang='lat' dir='ltr'>idest</span> <span class='ocrx_word' id='word_1_286' title='bbox 1144 1946 1214 2003; x_wconf 91' lang='lat' dir='ltr'>opus</span> <span class='ocrx_word' id='word_1_287' title='bbox 1226 1946 1322 1988; x_wconf 89' lang='lat' dir='ltr'>eorum</span> <span class='ocrx_word' id='word_1_288' title='bbox 1337 1948 1463 2003; x_wconf 86' lang='lat' dir='ltr'>prorum.</span> <span class='ocrx_word' id='word_1_289' title='bbox 1489 1932 1595 1988; x_wconf 89' lang='lat' dir='ltr'>Dicitur</span> <span class='ocrx_word' id='word_1_290' title='bbox 1609 1930 1702 1986; x_wconf 87' lang='lat' dir='ltr'>lerror</span> <span class='ocrx_word' id='word_1_291' title='bbox 1722 1930 1768 1986; x_wconf 90' lang='lat' dir='ltr'>di-</span> 
     </span>
     <span class='ocr_line' id='line_1_21' title="bbox 147 2019 1768 2096; baseline 0 -19"><span class='ocrx_word' id='word_1_292' title='bbox 147 2020 214 2077; x_wconf 92' lang='lat' dir='ltr'>dent</span> <span class='ocrx_word' id='word_1_293' title='bbox 238 2019 314 2077; x_wconf 89' lang='lat' dir='ltr'>iuras</span> <span class='ocrx_word' id='word_1_294' title='bbox 335 2022 471 2080; x_wconf 85' lang='lat' dir='ltr'>emittere.</span> <span class='ocrx_word' id='word_1_295' title='bbox 490 2022 594 2080; x_wconf 89' lang='lat' dir='ltr'>Dicitur</span> <span class='ocrx_word' id='word_1_296' title='bbox 615 2024 698 2080; x_wconf 91' lang='lat' dir='ltr'>etiam</span> <span class='ocrx_word' id='word_1_297' title='bbox 712 2023 844 2092; x_wconf 77' lang='lat' dir='ltr'>Ecclesia,</span> <span class='ocrx_word' id='word_1_298' title='bbox 861 2025 934 2082; x_wconf 86' lang='lat' dir='ltr'>unde</span> <span class='ocrx_word' id='word_1_299' title='bbox 986 2023 1125 2091; x_wconf 81' lang='lat' dir='ltr'>lectionis,</span> <span class='ocrx_word' id='word_1_300' title='bbox 1159 2022 1233 2079; x_wconf 89' lang='lat' dir='ltr'>unde</span> <span class='ocrx_word' id='word_1_301' title='bbox 1257 2023 1292 2079; x_wconf 87' lang='lat' dir='ltr'>de</span> <span class='ocrx_word' id='word_1_302' title='bbox 1315 2024 1465 2096; x_wconf 72' lang='lat' dir='ltr'>hypocritis</span> <span class='ocrx_word' id='word_1_303' title='bbox 1493 2022 1596 2079; x_wconf 90' lang='lat' dir='ltr'>dicitur</span> <span class='ocrx_word' id='word_1_304' title='bbox 1614 2041 1621 2077; x_wconf 90' lang='lat'>:</span> <span class='ocrx_word' id='word_1_305' title='bbox 1637 2020 1768 2093; x_wconf 75' lang='lat' dir='ltr'>Numquid</span> 
     </span>
     <span class='ocr_line' id='line_1_22' title="bbox 149 2110 1770 2190; baseline 0.004 -26"><span class='ocrx_word' id='word_1_306' title='bbox 149 2110 234 2167; x_wconf 80' lang='lat' dir='ltr'>David</span> <span class='ocrx_word' id='word_1_307' title='bbox 248 2129 255 2168; x_wconf 91' lang='lat'><strong>:</strong></span> <span class='ocrx_word' id='word_1_308' title='bbox 270 2110 345 2167; x_wconf 85' lang='lat' dir='ltr'>Sicut</span> <span class='ocrx_word' id='word_1_309' title='bbox 356 2114 384 2168; x_wconf 90' lang='lat' dir='ltr'>iu</span> <span class='ocrx_word' id='word_1_310' title='bbox 399 2124 484 2168; x_wconf 83' lang='lat' dir='ltr'>utrem</span> <span class='ocrx_word' id='word_1_311' title='bbox 499 2130 582 2186; x_wconf 84' lang='lat' dir='ltr'>opaat</span> <span class='ocrx_word' id='word_1_312' title='bbox 596 2117 680 2170; x_wconf 88' lang='lat' dir='ltr'>maris</span> <span class='ocrx_word' id='word_1_313' title='bbox 694 2114 765 2171; x_wconf 84' lang='lat' dir='ltr'>Deus</span> <span class='ocrx_word' id='word_1_314' title='bbox 781 2126 932 2190; x_wconf 82' lang='lat' dir='ltr'>congregat,</span> <span class='ocrx_word' id='word_1_315' title='bbox 984 2115 1113 2187; x_wconf 83' lang='lat' dir='ltr'>callipaat</span> <span class='ocrx_word' id='word_1_316' title='bbox 1131 2115 1164 2170; x_wconf 85' lang='lat' dir='ltr'>de</span> <span class='ocrx_word' id='word_1_317' title='bbox 1181 2115 1264 2185; x_wconf 85' lang='lat' dir='ltr'>spinis</span> <span class='ocrx_word' id='word_1_318' title='bbox 1279 2130 1358 2181; x_wconf 87' lang='lat' dir='ltr'>uoas,·</span> <span class='ocrx_word' id='word_1_319' title='bbox 1378 2115 1476 2185; x_wconf 70' lang='lat' dir='ltr'>spinas,</span> <span class='ocrx_word' id='word_1_320' title='bbox 1493 2114 1519 2169; x_wconf 92' lang='lat' dir='ltr'>id</span> <span class='ocrx_word' id='word_1_321' title='bbox 1531 2123 1575 2170; x_wconf 91' lang='lat' dir='ltr'>est</span> <span class='ocrx_word' id='word_1_322' title='bbox 1587 2114 1691 2179; x_wconf 84' lang='lat' dir='ltr'>tribuli,</span> <span class='ocrx_word' id='word_1_323' title='bbox 1704 2121 1770 2170; x_wconf 83' lang='lat' dir='ltr'>sunt</span> 
     </span>
     <span class='ocr_line' id='line_1_23' title="bbox 147 2204 1767 2280; baseline 0 -21"><span class='ocrx_word' id='word_1_324' title='bbox 147 2204 175 2259; x_wconf 91' lang='lat' dir='ltr'>id</span> <span class='ocrx_word' id='word_1_325' title='bbox 189 2211 232 2260; x_wconf 92' lang='lat' dir='ltr'>est</span> <span class='ocrx_word' id='word_1_326' title='bbox 246 2204 400 2261; x_wconf 90' lang='lat' dir='ltr'>consolidat</span> <span class='ocrx_word' id='word_1_327' title='bbox 420 2204 585 2264; x_wconf 79' lang='lat' dir='ltr'>fluctuantes</span> <span class='ocrx_word' id='word_1_328' title='bbox 608 2208 724 2280; x_wconf 92' lang='lat' dir='ltr'>populos</span> <span class='ocrx_word' id='word_1_329' title='bbox 747 2209 776 2265; x_wconf 93' lang='lat' dir='ltr'>iu</span> <span class='ocrx_word' id='word_1_330' title='bbox 799 2210 933 2267; x_wconf 87' lang='lat' dir='ltr'>unitatem</span> <span class='ocrx_word' id='word_1_331' title='bbox 983 2208 1103 2266; x_wconf 80' lang='lat' dir='ltr'>haretici</span> <span class='ocrx_word' id='word_1_332' title='bbox 1114 2207 1161 2278; x_wconf 86' lang='lat' dir='ltr'>qui</span> <span class='ocrx_word' id='word_1_333' title='bbox 1175 2206 1296 2262; x_wconf 81' lang='lat' dir='ltr'>hesram</span> <span class='ocrx_word' id='word_1_334' title='bbox 1305 2213 1333 2261; x_wconf 92' lang='lat' dir='ltr'>et</span> <span class='ocrx_word' id='word_1_335' title='bbox 1343 2213 1468 2277; x_wconf 82' lang='lat' dir='ltr'>pungunt</span> <span class='ocrx_word' id='word_1_336' title='bbox 1478 2213 1585 2261; x_wconf 87' lang='lat' dir='ltr'>tuentes</span> <span class='ocrx_word' id='word_1_337' title='bbox 1596 2204 1767 2274; x_wconf 85' lang='lat' dir='ltr'>hominum;</span> 
     </span>
     <span class='ocr_line' id='line_1_24' title="bbox 145 2293 1768 2368; baseline 0.001 -18"><span class='ocrx_word' id='word_1_338' title='bbox 145 2293 287 2364; x_wconf 81' lang='lat' dir='ltr'>Ecclesiae,</span> <span class='ocrx_word' id='word_1_339' title='bbox 311 2312 373 2368; x_wconf 79' lang='lat' dir='ltr'>quae</span> <span class='ocrx_word' id='word_1_340' title='bbox 389 2296 512 2355; x_wconf 79' lang='lat' dir='ltr'>Ecclesia</span> <span class='ocrx_word' id='word_1_341' title='bbox 535 2299 680 2356; x_wconf 88' lang='lat' dir='ltr'>mortiticat</span> <span class='ocrx_word' id='word_1_342' title='bbox 704 2315 815 2357; x_wconf 90' lang='lat' dir='ltr'>carnem</span> <span class='ocrx_word' id='word_1_343' title='bbox 840 2317 931 2358; x_wconf 88' lang='lat' dir='ltr'>suam.</span> <span class='ocrx_word' id='word_1_344' title='bbox 983 2317 1036 2357; x_wconf 88' lang='lat' dir='ltr'>uua</span> <span class='ocrx_word' id='word_1_345' title='bbox 1051 2309 1093 2357; x_wconf 89' lang='lat' dir='ltr'>est</span> <span class='ocrx_word' id='word_1_346' title='bbox 1106 2299 1198 2355; x_wconf 81' lang='lat' dir='ltr'>terror</span> <span class='ocrx_word' id='word_1_347' title='bbox 1212 2298 1386 2366; x_wconf 89' lang='lat' dir='ltr'>dilectionis;</span> <span class='ocrx_word' id='word_1_348' title='bbox 1405 2299 1474 2354; x_wconf 90' lang='lat' dir='ltr'>lieus</span> <span class='ocrx_word' id='word_1_349' title='bbox 1492 2297 1608 2353; x_wconf 91' lang='lat' dir='ltr'>dulcedo</span> <span class='ocrx_word' id='word_1_350' title='bbox 1618 2311 1768 2352; x_wconf 87' lang='lat' dir='ltr'>conversa·</span> 
     </span>
     <span class='ocr_line' id='line_1_25' title="bbox 147 2385 1768 2463; baseline 0.002 -22"><span class='ocrx_word' id='word_1_351' title='bbox 147 2385 253 2443; x_wconf 87' lang='lat' dir='ltr'>Dicitur</span> <span class='ocrx_word' id='word_1_352' title='bbox 267 2388 568 2446; x_wconf 78' lang='lat' dir='ltr'>confessiomortilieati</span> <span class='ocrx_word' id='word_1_353' title='bbox 581 2391 696 2463; x_wconf 88' lang='lat' dir='ltr'>peccati,</span> <span class='ocrx_word' id='word_1_354' title='bbox 709 2392 781 2447; x_wconf 86' lang='lat' dir='ltr'>undo</span> <span class='ocrx_word' id='word_1_355' title='bbox 794 2408 802 2447; x_wconf 74' lang='grc' dir='ltr'>ι</span> <span class='ocrx_word' id='word_1_356' title='bbox 815 2390 930 2463; x_wconf 77' lang='lat' dir='ltr'>donare·</span> <span class='ocrx_word' id='word_1_357' title='bbox 989 2394 1086 2451; x_wconf 86' lang='lat' dir='ltr'>tionis.</span> <span class='ocrx_word' id='word_1_358' title='bbox 1107 2392 1186 2449; x_wconf 88' lang='lat' dir='ltr'>Sicut</span> <span class='ocrx_word' id='word_1_359' title='bbox 1200 2405 1265 2463; x_wconf 83' lang='lat' dir='ltr'>ergo</span> <span class='ocrx_word' id='word_1_360' title='bbox 1287 2391 1322 2447; x_wconf 89' lang='lat' dir='ltr'>de</span> <span class='ocrx_word' id='word_1_361' title='bbox 1339 2390 1428 2461; x_wconf 82' lang='lat' dir='ltr'>spinis</span> <span class='ocrx_word' id='word_1_362' title='bbox 1445 2406 1501 2445; x_wconf 92' lang='lat' dir='ltr'>non</span> <span class='ocrx_word' id='word_1_363' title='bbox 1520 2398 1671 2445; x_wconf 87' lang='lat' dir='ltr'>naseuntur</span> <span class='ocrx_word' id='word_1_364' title='bbox 1697 2404 1768 2456; x_wconf 74' lang='lat' dir='ltr'>ure,</span> 
     </span>
     <span class='ocr_line' id='line_1_26' title="bbox 146 2478 1769 2556; baseline 0.002 -22"><span class='ocrx_word' id='word_1_365' title='bbox 146 2497 213 2551; x_wconf 80' lang='lat' dir='ltr'>pom</span> <span class='ocrx_word' id='word_1_366' title='bbox 224 2482 293 2536; x_wconf 89' lang='lat' dir='ltr'>siout</span> <span class='ocrx_word' id='word_1_367' title='bbox 306 2483 335 2537; x_wconf 87' lang='lat' dir='ltr'>in</span> <span class='ocrx_word' id='word_1_368' title='bbox 347 2491 432 2538; x_wconf 85' lang='lat' dir='ltr'>utrem</span> <span class='ocrx_word' id='word_1_369' title='bbox 444 2499 526 2555; x_wconf 67' lang='lat' dir='ltr'>muas</span> <span class='ocrx_word' id='word_1_370' title='bbox 542 2486 635 2552; x_wconf 87' lang='lat' dir='ltr'>maris,</span> <span class='ocrx_word' id='word_1_371' title='bbox 649 2484 729 2541; x_wconf 88' lang='lat' dir='ltr'>idest</span> <span class='ocrx_word' id='word_1_372' title='bbox 745 2484 861 2556; x_wconf 87' lang='lat' dir='ltr'>populos</span> <span class='ocrx_word' id='word_1_373' title='bbox 875 2500 929 2542; x_wconf 80' lang='lat' dir='ltr'>sta-</span> <span class='ocrx_word' id='word_1_374' title='bbox 984 2498 1074 2555; x_wconf 82' lang='lat' dir='ltr'>neque</span> <span class='ocrx_word' id='word_1_375' title='bbox 1092 2483 1127 2540; x_wconf 92' lang='lat' dir='ltr'>de</span> <span class='ocrx_word' id='word_1_376' title='bbox 1140 2481 1255 2539; x_wconf 83' lang='lat' dir='ltr'>tribulis</span> <span class='ocrx_word' id='word_1_377' title='bbox 1274 2482 1355 2547; x_wconf 90' lang='lat' dir='ltr'>deus,</span> <span class='ocrx_word' id='word_1_378' title='bbox 1380 2480 1421 2537; x_wconf 91' lang='lat' dir='ltr'>sic</span> <span class='ocrx_word' id='word_1_379' title='bbox 1447 2495 1498 2536; x_wconf 91' lang='lat' dir='ltr'>uec</span> <span class='ocrx_word' id='word_1_380' title='bbox 1518 2479 1638 2536; x_wconf 79' lang='lat' dir='ltr'>haretici</span> <span class='ocrx_word' id='word_1_381' title='bbox 1660 2478 1769 2537; x_wconf 79' lang='lat' dir='ltr'>servent</span> 
     </span>
     <span class='ocr_line' id='line_1_27' title="bbox 147 2568 1770 2648; baseline 0.001 -22"><span class='ocrx_word' id='word_1_382' title='bbox 147 2572 204 2627; x_wconf 91' lang='lat' dir='ltr'>culi</span> <span class='ocrx_word' id='word_1_383' title='bbox 218 2572 245 2628; x_wconf 94' lang='lat' dir='ltr'>in</span> <span class='ocrx_word' id='word_1_384' title='bbox 260 2571 433 2632; x_wconf 79' lang='lat' dir='ltr'>confessione</span> <span class='ocrx_word' id='word_1_385' title='bbox 445 2575 600 2632; x_wconf 78' lang='lat' dir='ltr'>mortificati</span> <span class='ocrx_word' id='word_1_386' title='bbox 615 2568 720 2648; x_wconf 89' lang='lat' dir='ltr'>pecc&#39;ati</span> <span class='ocrx_word' id='word_1_387' title='bbox 737 2590 773 2632; x_wconf 90' lang='lat' dir='ltr'>ne</span> <span class='ocrx_word' id='word_1_388' title='bbox 784 2575 867 2633; x_wconf 84' lang='lat' dir='ltr'>libero</span> <span class='ocrx_word' id='word_1_389' title='bbox 881 2577 931 2634; x_wconf 90' lang='lat' dir='ltr'>de·</span> <span class='ocrx_word' id='word_1_390' title='bbox 986 2576 1145 2642; x_wconf 88' lang='lat' dir='ltr'>dilectione,</span> <span class='ocrx_word' id='word_1_391' title='bbox 1172 2590 1226 2631; x_wconf 89' lang='lat' dir='ltr'>trec</span> <span class='ocrx_word' id='word_1_392' title='bbox 1249 2574 1361 2632; x_wconf 88' lang='lat' dir='ltr'>student</span> <span class='ocrx_word' id='word_1_393' title='bbox 1380 2574 1452 2628; x_wconf 89' lang='lat' dir='ltr'>hona</span> <span class='ocrx_word' id='word_1_394' title='bbox 1471 2572 1643 2643; x_wconf 87' lang='lat' dir='ltr'>opet·atione;</span> <span class='ocrx_word' id='word_1_395' title='bbox 1667 2572 1770 2629; x_wconf 90' lang='lat' dir='ltr'>dieitur</span> 
     </span>
     <span class='ocr_line' id='line_1_28' title="bbox 148 2663 1769 2741; baseline 0.001 -22"><span class='ocrx_word' id='word_1_396' title='bbox 148 2663 247 2721; x_wconf 85' lang='lat' dir='ltr'>duant.</span> <span class='ocrx_word' id='word_1_397' title='bbox 981 2679 1137 2741; x_wconf 86' lang='lat' dir='ltr'>peccatum,</span> <span class='ocrx_word' id='word_1_398' title='bbox 1163 2668 1237 2723; x_wconf 90' lang='lat' dir='ltr'>unde</span> <span class='ocrx_word' id='word_1_399' title='bbox 1260 2664 1386 2723; x_wconf 80' lang='lat' dir='ltr'>Ezechiel</span> <span class='ocrx_word' id='word_1_400' title='bbox 1408 2664 1527 2722; x_wconf 86' lang='lat' dir='ltr'>:Patres</span> <span class='ocrx_word' id='word_1_401' title='bbox 1552 2671 1631 2721; x_wconf 87' lang='lat' dir='ltr'>aestrt</span> <span class='ocrx_word' id='word_1_402' title='bbox 1650 2666 1769 2720; x_wconf 85' lang='lat' dir='ltr'>comede·</span> 
     </span>
     <span class='ocr_line' id='line_1_29' title="bbox 180 2754 1768 2830; baseline 0 -18"><span class='ocrx_word' id='word_1_403' title='bbox 180 2754 288 2823; x_wconf 81' lang='lat' dir='ltr'>Dterus,</span> <span class='ocrx_word' id='word_1_404' title='bbox 313 2757 432 2830; x_wconf 89' lang='lat' dir='ltr'>proprie.</span> <span class='ocrx_word' id='word_1_405' title='bbox 451 2758 556 2816; x_wconf 89' lang='lat' dir='ltr'>Dicitur</span> <span class='ocrx_word' id='word_1_406' title='bbox 576 2758 683 2815; x_wconf 84' lang='lat' dir='ltr'>occulta</span> <span class='ocrx_word' id='word_1_407' title='bbox 703 2757 750 2814; x_wconf 82' lang='lat' dir='ltr'>Dei</span> <span class='ocrx_word' id='word_1_408' title='bbox 767 2759 931 2825; x_wconf 84' lang='lat' dir='ltr'>substantia,</span> <span class='ocrx_word' id='word_1_409' title='bbox 982 2770 1045 2816; x_wconf 87' lang='lat' dir='ltr'>ruat</span> <span class='ocrx_word' id='word_1_410' title='bbox 1062 2776 1140 2815; x_wconf 86' lang='lat' dir='ltr'>auom</span> <span class='ocrx_word' id='word_1_411' title='bbox 1156 2774 1287 2825; x_wconf 85' lang='lat' dir='ltr'>acerram,</span> <span class='ocrx_word' id='word_1_412' title='bbox 1309 2757 1399 2813; x_wconf 85' lang='lat' dir='ltr'>dentes</span> <span class='ocrx_word' id='word_1_413' title='bbox 1422 2766 1511 2812; x_wconf 86' lang='lat' dir='ltr'>autem</span> <span class='ocrx_word' id='word_1_414' title='bbox 1531 2756 1648 2827; x_wconf 76' lang='lat' dir='ltr'>filioram</span> <span class='ocrx_word' id='word_1_415' title='bbox 1676 2756 1768 2812; x_wconf 85' lang='lat' dir='ltr'>alsto-</span> 
     </span>
     <span class='ocr_line' id='line_1_30' title="bbox 144 2846 1768 2925; baseline 0.001 -21"><span class='ocrx_word' id='word_1_416' title='bbox 144 2848 217 2904; x_wconf 89' lang='lat' dir='ltr'>unde</span> <span class='ocrx_word' id='word_1_417' title='bbox 227 2846 312 2904; x_wconf 84' lang='lat' dir='ltr'>Dauid</span> <span class='ocrx_word' id='word_1_418' title='bbox 326 2867 333 2904; x_wconf 90' lang='lat'><strong>:</strong></span> <span class='ocrx_word' id='word_1_419' title='bbox 346 2848 388 2903; x_wconf 80' lang='lat' dir='ltr'>Ea</span> <span class='ocrx_word' id='word_1_420' title='bbox 402 2859 476 2906; x_wconf 85' lang='lat' dir='ltr'>atero</span> <span class='ocrx_word' id='word_1_421' title='bbox 488 2861 549 2907; x_wconf 87' lang='lat' dir='ltr'>onte</span> <span class='ocrx_word' id='word_1_422' title='bbox 558 2851 710 2924; x_wconf 70' lang='lat' dir='ltr'>Luciferam</span> <span class='ocrx_word' id='word_1_423' title='bbox 722 2854 799 2925; x_wconf 79' lang='lat' dir='ltr'>genai</span> <span class='ocrx_word' id='word_1_424' title='bbox 812 2861 845 2907; x_wconf 88' lang='lat' dir='ltr'>te.</span> <span class='ocrx_word' id='word_1_425' title='bbox 860 2851 933 2907; x_wconf 90' lang='lat' dir='ltr'>Dici·</span> <span class='ocrx_word' id='word_1_426' title='bbox 982 2863 1113 2923; x_wconf 85' lang='lat' dir='ltr'>perauut,·</span> <span class='ocrx_word' id='word_1_427' title='bbox 1132 2850 1212 2923; x_wconf 84' lang='lat' dir='ltr'>quasi</span> <span class='ocrx_word' id='word_1_428' title='bbox 1225 2850 1300 2906; x_wconf 90' lang='lat' dir='ltr'>dicat</span> <span class='ocrx_word' id='word_1_429' title='bbox 1316 2867 1323 2903; x_wconf 76' lang='grc' dir='ltr'>ε</span> <span class='ocrx_word' id='word_1_430' title='bbox 1338 2847 1444 2905; x_wconf 88' lang='lat' dir='ltr'>Posteri</span> <span class='ocrx_word' id='word_1_431' title='bbox 1469 2848 1621 2920; x_wconf 91' lang='lat' dir='ltr'>puniuntur</span> <span class='ocrx_word' id='word_1_432' title='bbox 1635 2864 1686 2919; x_wconf 93' lang='lat' dir='ltr'>pto</span> <span class='ocrx_word' id='word_1_433' title='bbox 1703 2864 1768 2920; x_wconf 82' lang='lat' dir='ltr'>pec·</span> 
     </span>
     <span class='ocr_line' id='line_1_31' title="bbox 144 2942 1315 3016; baseline -0.001 -18"><span class='ocrx_word' id='word_1_434' title='bbox 144 2950 190 2998; x_wconf 90' lang='lat' dir='ltr'>tur</span> <span class='ocrx_word' id='word_1_435' title='bbox 204 2942 311 3013; x_wconf 89' lang='lat' dir='ltr'>primus</span> <span class='ocrx_word' id='word_1_436' title='bbox 325 2954 417 3000; x_wconf 90' lang='lat' dir='ltr'>motus</span> <span class='ocrx_word' id='word_1_437' title='bbox 431 2946 617 3011; x_wconf 85' lang='lat' dir='ltr'>conscientiae,</span> <span class='ocrx_word' id='word_1_438' title='bbox 629 2949 702 3004; x_wconf 89' lang='lat' dir='ltr'>unde</span> <span class='ocrx_word' id='word_1_439' title='bbox 715 2946 785 3003; x_wconf 80' lang='lat' dir='ltr'>ioh:</span> <span class='ocrx_word' id='word_1_440' title='bbox 801 2944 924 3001; x_wconf 80' lang='lat' dir='ltr'>Falarem</span> <span class='ocrx_word' id='word_1_441' title='bbox 983 2945 1051 3001; x_wconf 85' lang='lat' dir='ltr'>catis</span> <span class='ocrx_word' id='word_1_442' title='bbox 1072 2945 1315 3016; x_wconf 73' lang='lat' dir='ltr'>predecessorum.</span> 
     </span>
    </p>
   </div>
   <div class='ocr_carea' id='block_1_3' title="bbox 140 3014 1767 3379">
    <p class='ocr_par' dir='ltr' id='par_1_3' title="bbox 140 3014 1767 3379">
     <span class='ocr_line' id='line_1_32' title="bbox 142 3014 1767 3106; baseline 0.002 -21"><span class='ocrx_word' id='word_1_443' title='bbox 142 3033 219 3102; x_wconf 79' lang='lat' dir='ltr'>attari</span> <span class='ocrx_word' id='word_1_444' title='bbox 230 3048 281 3086; x_wconf 88' lang='lat' dir='ltr'>aon</span> <span class='ocrx_word' id='word_1_445' title='bbox 294 3047 377 3087; x_wconf 83' lang='lat' dir='ltr'>essem</span> <span class='ocrx_word' id='word_1_446' title='bbox 389 3032 421 3087; x_wconf 88' lang='lat' dir='ltr'>de</span> <span class='ocrx_word' id='word_1_447' title='bbox 438 3044 512 3087; x_wconf 85' lang='lat' dir='ltr'>atero</span> <span class='ocrx_word' id='word_1_448' title='bbox 524 3033 670 3090; x_wconf 80' lang='lat' dir='ltr'>translatus</span> <span class='ocrx_word' id='word_1_449' title='bbox 683 3037 719 3090; x_wconf 88' lang='lat' dir='ltr'>ad</span> <span class='ocrx_word' id='word_1_450' title='bbox 735 3034 875 3100; x_wconf 83' lang='lat' dir='ltr'>tamaium,</span> <span class='ocrx_word' id='word_1_451' title='bbox 899 3035 926 3089; x_wconf 87' lang='lat' dir='ltr'>ld</span> <span class='ocrx_word' id='word_1_452' title='bbox 940 3014 961 3069; x_wconf 71' lang='lat' dir='ltr'><em>c</em></span> <span class='ocrx_word' id='word_1_453' title='bbox 1016 3033 1099 3103; x_wconf 73' lang='lat' dir='ltr'>Dour,</span> <span class='ocrx_word' id='word_1_454' title='bbox 1112 3034 1230 3106; x_wconf 88' lang='lat' dir='ltr'>proprie.</span> <span class='ocrx_word' id='word_1_455' title='bbox 1248 3032 1352 3088; x_wconf 91' lang='lat' dir='ltr'>Dicitur</span> <span class='ocrx_word' id='word_1_456' title='bbox 1364 3029 1496 3087; x_wconf 81' lang='lat' dir='ltr'>Ecclesia.</span> <span class='ocrx_word' id='word_1_457' title='bbox 1523 3030 1699 3097; x_wconf 73' lang='lat' dir='ltr'>Quamobrem</span> <span class='ocrx_word' id='word_1_458' title='bbox 1725 3050 1767 3089; x_wconf 86' lang='lat' dir='ltr'>re-</span> 
     </span>
     <span class='ocr_line' id='line_1_33' title="bbox 142 3121 1766 3197; baseline 0.002 -20"><span class='ocrx_word' id='word_1_459' title='bbox 142 3130 184 3177; x_wconf 89' lang='lat' dir='ltr'>est</span> <span class='ocrx_word' id='word_1_460' title='bbox 198 3121 334 3192; x_wconf 88' lang='lat' dir='ltr'>deprimo</span> <span class='ocrx_word' id='word_1_461' title='bbox 348 3123 622 3179; x_wconf 86' lang='lat' dir='ltr'>motuconseientiae.</span> <span class='ocrx_word' id='word_1_462' title='bbox 637 3123 742 3180; x_wconf 90' lang='lat' dir='ltr'>Dicitur</span> <span class='ocrx_word' id='word_1_463' title='bbox 760 3126 842 3180; x_wconf 88' lang='lat' dir='ltr'>etiam</span> <span class='ocrx_word' id='word_1_464' title='bbox 862 3138 926 3178; x_wconf 87' lang='lat' dir='ltr'>ear·</span> <span class='ocrx_word' id='word_1_465' title='bbox 983 3125 1086 3197; x_wconf 79' lang='lat' dir='ltr'>tinguet</span> <span class='ocrx_word' id='word_1_466' title='bbox 1099 3124 1176 3179; x_wconf 83' lang='lat' dir='ltr'>homo</span> <span class='ocrx_word' id='word_1_467' title='bbox 1195 3131 1333 3194; x_wconf 77' lang='lat' dir='ltr'>patrasset</span> <span class='ocrx_word' id='word_1_468' title='bbox 1346 3130 1458 3177; x_wconf 78' lang='lat' dir='ltr'>matrem</span> <span class='ocrx_word' id='word_1_469' title='bbox 1471 3138 1559 3190; x_wconf 86' lang='lat' dir='ltr'>suam,</span> <span class='ocrx_word' id='word_1_470' title='bbox 1578 3131 1603 3177; x_wconf 86' lang='lat' dir='ltr'>et</span> <span class='ocrx_word' id='word_1_471' title='bbox 1620 3122 1766 3180; x_wconf 78' lang='lat' dir='ltr'>adherebit</span> 
     </span>
     <span class='ocr_line' id='line_1_34' title="bbox 140 3212 1766 3287; baseline 0.001 -19"><span class='ocrx_word' id='word_1_472' title='bbox 140 3213 212 3270; x_wconf 85' lang='lat' dir='ltr'>stalis</span> <span class='ocrx_word' id='word_1_473' title='bbox 226 3213 401 3271; x_wconf 81' lang='lat' dir='ltr'>observantia</span> <span class='ocrx_word' id='word_1_474' title='bbox 415 3213 583 3282; x_wconf 80' lang='lat' dir='ltr'>ludaeorum,</span> <span class='ocrx_word' id='word_1_475' title='bbox 598 3220 669 3273; x_wconf 90' lang='lat' dir='ltr'>unde</span> <span class='ocrx_word' id='word_1_476' title='bbox 682 3219 811 3276; x_wconf 82' lang='lat' dir='ltr'>Christus</span> <span class='ocrx_word' id='word_1_477' title='bbox 825 3218 858 3274; x_wconf 92' lang='lat' dir='ltr'>ad</span> <span class='ocrx_word' id='word_1_478' title='bbox 870 3215 925 3273; x_wconf 78' lang='lat' dir='ltr'>Pa·</span> <span class='ocrx_word' id='word_1_479' title='bbox 981 3216 1061 3271; x_wconf 81' lang='lat' dir='ltr'>ttaori</span> <span class='ocrx_word' id='word_1_480' title='bbox 1074 3230 1140 3282; x_wconf 84' lang='lat' dir='ltr'>suo,</span> <span class='ocrx_word' id='word_1_481' title='bbox 1147 3215 1174 3270; x_wconf 90' lang='lat' dir='ltr'>id</span> <span class='ocrx_word' id='word_1_482' title='bbox 1181 3221 1224 3270; x_wconf 89' lang='lat' dir='ltr'>est</span> <span class='ocrx_word' id='word_1_483' title='bbox 1231 3212 1370 3280; x_wconf 85' lang='lat' dir='ltr'>Ecclesiae,</span> <span class='ocrx_word' id='word_1_484' title='bbox 1381 3222 1406 3268; x_wconf 86' lang='lat' dir='ltr'>et</span> <span class='ocrx_word' id='word_1_485' title='bbox 1418 3223 1496 3269; x_wconf 84' lang='lat' dir='ltr'>erum</span> <span class='ocrx_word' id='word_1_486' title='bbox 1505 3214 1558 3268; x_wconf 88' lang='lat' dir='ltr'>duo</span> <span class='ocrx_word' id='word_1_487' title='bbox 1574 3214 1601 3268; x_wconf 87' lang='lat' dir='ltr'>io</span> <span class='ocrx_word' id='word_1_488' title='bbox 1616 3230 1766 3287; x_wconf 83' lang='lat' dir='ltr'>canreuua,</span> 
     </span>
     <span class='ocr_line' id='line_1_35' title="bbox 141 3303 1765 3379; baseline 0.002 -19"><span class='ocrx_word' id='word_1_489' title='bbox 141 3307 261 3362; x_wconf 81' lang='lat' dir='ltr'>tremuit</span> <span class='ocrx_word' id='word_1_490' title='bbox 275 3325 283 3362; x_wconf 90' lang='lat'>:</span> <span class='ocrx_word' id='word_1_491' title='bbox 298 3305 333 3362; x_wconf 85' lang='lat' dir='ltr'>lu</span> <span class='ocrx_word' id='word_1_492' title='bbox 343 3316 368 3363; x_wconf 85' lang='lat' dir='ltr'>tr</span> <span class='ocrx_word' id='word_1_493' title='bbox 378 3308 510 3379; x_wconf 76' lang='lat' dir='ltr'>proiectus</span> <span class='ocrx_word' id='word_1_494' title='bbox 524 3325 582 3363; x_wconf 88' lang='lat' dir='ltr'>sum</span> <span class='ocrx_word' id='word_1_495' title='bbox 594 3325 627 3365; x_wconf 85' lang='lat' dir='ltr'>ea</span> <span class='ocrx_word' id='word_1_496' title='bbox 643 3318 729 3378; x_wconf 85' lang='lat' dir='ltr'>utera,</span> <span class='ocrx_word' id='word_1_497' title='bbox 742 3309 769 3365; x_wconf 86' lang='lat' dir='ltr'>itl</span> <span class='ocrx_word' id='word_1_498' title='bbox 780 3320 926 3366; x_wconf 88' lang='lat' dir='ltr'>estcarna-</span> <span class='ocrx_word' id='word_1_499' title='bbox 982 3308 1010 3366; x_wconf 92' lang='lat' dir='ltr'>id</span> <span class='ocrx_word' id='word_1_500' title='bbox 1020 3309 1097 3367; x_wconf 90' lang='lat' dir='ltr'>estin</span> <span class='ocrx_word' id='word_1_501' title='bbox 1109 3306 1247 3365; x_wconf 86' lang='lat' dir='ltr'>consimili</span> <span class='ocrx_word' id='word_1_502' title='bbox 1269 3316 1376 3363; x_wconf 89' lang='lat' dir='ltr'>natura.</span> <span class='ocrx_word' id='word_1_503' title='bbox 1400 3303 1506 3363; x_wconf 90' lang='lat' dir='ltr'>Dicitur</span> <span class='ocrx_word' id='word_1_504' title='bbox 1530 3307 1765 3378; x_wconf 85' lang='lat' dir='ltr'>coucupiscentia,</span> 
     </span>
    </p>
   </div>
   <div class='ocr_carea' id='block_1_4' title="bbox 137 3395 1797 4026">
    <p class='ocr_par' dir='ltr' id='par_1_4' title="bbox 137 3395 1797 4026">
     <span class='ocr_line' id='line_1_36' title="bbox 139 3395 1765 3475; baseline 0.004 -25"><span class='ocrx_word' id='word_1_505' title='bbox 139 3395 214 3452; x_wconf 87' lang='lat' dir='ltr'>libus</span> <span class='ocrx_word' id='word_1_506' title='bbox 224 3397 407 3456; x_wconf 83' lang='lat' dir='ltr'>observantiis</span> <span class='ocrx_word' id='word_1_507' title='bbox 417 3399 495 3471; x_wconf 78' lang='lat' dir='ltr'>legis.</span> <span class='ocrx_word' id='word_1_508' title='bbox 509 3399 617 3456; x_wconf 87' lang='lat' dir='ltr'>Dicitur</span> <span class='ocrx_word' id='word_1_509' title='bbox 631 3416 718 3467; x_wconf 87' lang='lat' dir='ltr'>mens,</span> <span class='ocrx_word' id='word_1_510' title='bbox 740 3401 812 3459; x_wconf 88' lang='lat' dir='ltr'>unde</span> <span class='ocrx_word' id='word_1_511' title='bbox 825 3402 860 3459; x_wconf 91' lang='lat' dir='ltr'>de</span> <span class='ocrx_word' id='word_1_512' title='bbox 875 3402 925 3475; x_wconf 81' lang='lat' dir='ltr'>hp·</span> <span class='ocrx_word' id='word_1_513' title='bbox 979 3402 1053 3459; x_wconf 87' lang='lat' dir='ltr'>unda</span> <span class='ocrx_word' id='word_1_514' title='bbox 1080 3402 1108 3457; x_wconf 89' lang='lat' dir='ltr'>itt</span> <span class='ocrx_word' id='word_1_515' title='bbox 1136 3400 1307 3473; x_wconf 82' lang='lat' dir='ltr'>Evangelio:</span> <span class='ocrx_word' id='word_1_516' title='bbox 1330 3398 1444 3455; x_wconf 73' lang='lat' dir='ltr'>Uxorem</span> <span class='ocrx_word' id='word_1_517' title='bbox 1477 3399 1553 3471; x_wconf 70' lang='lat' dir='ltr'>duci.</span> <span class='ocrx_word' id='word_1_518' title='bbox 1576 3397 1623 3456; x_wconf 91' lang='lat' dir='ltr'>llle</span> <span class='ocrx_word' id='word_1_519' title='bbox 1649 3415 1765 3457; x_wconf 79' lang='lat' dir='ltr'>uxorem</span> 
     </span>
     <span class='ocr_line' id='line_1_37' title="bbox 139 3488 1765 3566; baseline 0.003 -22"><span class='ocrx_word' id='word_1_520' title='bbox 139 3488 247 3559; x_wconf 85' lang='lat' dir='ltr'>pocrita</span> <span class='ocrx_word' id='word_1_521' title='bbox 258 3488 360 3545; x_wconf 90' lang='lat' dir='ltr'>dieitur</span> <span class='ocrx_word' id='word_1_522' title='bbox 372 3490 401 3545; x_wconf 89' lang='lat' dir='ltr'>iu</span> <span class='ocrx_word' id='word_1_523' title='bbox 417 3490 490 3547; x_wconf 79' lang='lat' dir='ltr'>ioh:</span> <span class='ocrx_word' id='word_1_524' title='bbox 510 3489 636 3562; x_wconf 82' lang='lat' dir='ltr'>Caneeptt</span> <span class='ocrx_word' id='word_1_525' title='bbox 649 3491 768 3547; x_wconf 83' lang='lat' dir='ltr'>datorem</span> <span class='ocrx_word' id='word_1_526' title='bbox 783 3503 808 3547; x_wconf 83' lang='lat' dir='ltr'>et</span> <span class='ocrx_word' id='word_1_527' title='bbox 821 3495 922 3565; x_wconf 77' lang='lat' dir='ltr'>peperit</span> <span class='ocrx_word' id='word_1_528' title='bbox 981 3494 1060 3551; x_wconf 85' lang='lat' dir='ltr'>ducit</span> <span class='ocrx_word' id='word_1_529' title='bbox 1086 3494 1133 3566; x_wconf 85' lang='lat' dir='ltr'>qui</span> <span class='ocrx_word' id='word_1_530' title='bbox 1157 3494 1277 3551; x_wconf 75' lang='lat' dir='ltr'>adheret</span> <span class='ocrx_word' id='word_1_531' title='bbox 1298 3493 1542 3564; x_wconf 81' lang='lat' dir='ltr'>concupiscentia,</span> <span class='ocrx_word' id='word_1_532' title='bbox 1556 3492 1659 3550; x_wconf 87' lang='lat' dir='ltr'>atinde</span> <span class='ocrx_word' id='word_1_533' title='bbox 1680 3507 1765 3564; x_wconf 82' lang='lat' dir='ltr'>prava</span> 
     </span>
     <span class='ocr_line' id='line_1_38' title="bbox 138 3579 1763 3655; baseline 0.003 -21"><span class='ocrx_word' id='word_1_534' title='bbox 138 3579 317 3651; x_wconf 78' lang='lat' dir='ltr'>iniguitatem,</span> <span class='ocrx_word' id='word_1_535' title='bbox 346 3588 371 3635; x_wconf 88' lang='lat' dir='ltr'>et</span> <span class='ocrx_word' id='word_1_536' title='bbox 397 3589 488 3636; x_wconf 84' lang='lat' dir='ltr'>uterus</span> <span class='ocrx_word' id='word_1_537' title='bbox 511 3580 567 3652; x_wconf 75' lang='lat' dir='ltr'>ejus</span> <span class='ocrx_word' id='word_1_538' title='bbox 582 3591 716 3652; x_wconf 84' lang='lat' dir='ltr'>proporat</span> <span class='ocrx_word' id='word_1_539' title='bbox 736 3583 830 3647; x_wconf 85' lang='lat' dir='ltr'>dolos‚·</span> <span class='ocrx_word' id='word_1_540' title='bbox 846 3601 924 3640; x_wconf 86' lang='lat' dir='ltr'>mens</span> <span class='ocrx_word' id='word_1_541' title='bbox 981 3598 1066 3655; x_wconf 89' lang='lat' dir='ltr'>opera</span> <span class='ocrx_word' id='word_1_542' title='bbox 1088 3596 1201 3655; x_wconf 85' lang='lat' dir='ltr'>gerterat</span> <span class='ocrx_word' id='word_1_543' title='bbox 1215 3594 1346 3654; x_wconf 72' lang='lat' dir='ltr'>unquam</span> <span class='ocrx_word' id='word_1_544' title='bbox 1364 3583 1447 3640; x_wconf 87' lang='lat' dir='ltr'>lilios.</span> <span class='ocrx_word' id='word_1_545' title='bbox 1463 3581 1569 3637; x_wconf 86' lang='lat' dir='ltr'>Dicitur</span> <span class='ocrx_word' id='word_1_546' title='bbox 1584 3583 1763 3649; x_wconf 85' lang='lat' dir='ltr'>sensualitas,</span> 
     </span>
     <span class='ocr_line' id='line_1_39' title="bbox 140 3672 1764 3749; baseline 0.004 -22"><span class='ocrx_word' id='word_1_547' title='bbox 140 3672 289 3744; x_wconf 73' lang='lat' dir='ltr'>hypocrite</span> <span class='ocrx_word' id='word_1_548' title='bbox 303 3672 382 3729; x_wconf 89' lang='lat' dir='ltr'>dolos</span> <span class='ocrx_word' id='word_1_549' title='bbox 396 3673 515 3747; x_wconf 77' lang='lat' dir='ltr'>concipit</span> <span class='ocrx_word' id='word_1_550' title='bbox 528 3689 591 3730; x_wconf 92' lang='lat' dir='ltr'>curn</span> <span class='ocrx_word' id='word_1_551' title='bbox 601 3688 728 3745; x_wconf 84' lang='lat' dir='ltr'>peruersa</span> <span class='ocrx_word' id='word_1_552' title='bbox 740 3674 853 3746; x_wconf 89' lang='lat' dir='ltr'>cogitat,</span> <span class='ocrx_word' id='word_1_553' title='bbox 869 3675 923 3731; x_wconf 92' lang='lat' dir='ltr'>ini·</span> <span class='ocrx_word' id='word_1_554' title='bbox 978 3676 1052 3733; x_wconf 89' lang='lat' dir='ltr'>unde</span> <span class='ocrx_word' id='word_1_555' title='bbox 1064 3677 1213 3746; x_wconf 85' lang='lat' dir='ltr'>Gregorius</span> <span class='ocrx_word' id='word_1_556' title='bbox 1228 3695 1235 3733; x_wconf 73' lang='grc' dir='ltr'>ι</span> <span class='ocrx_word' id='word_1_557' title='bbox 1250 3674 1315 3731; x_wconf 84' lang='lat' dir='ltr'>Tria</span> <span class='ocrx_word' id='word_1_558' title='bbox 1331 3683 1466 3749; x_wconf 77' lang='lat' dir='ltr'>suntquis</span> <span class='ocrx_word' id='word_1_559' title='bbox 1481 3686 1577 3748; x_wconf 81' lang='lat' dir='ltr'>copotu</span> <span class='ocrx_word' id='word_1_560' title='bbox 1593 3677 1727 3733; x_wconf 83' lang='lat' dir='ltr'>tramittem</span> <span class='ocrx_word' id='word_1_561' title='bbox 1746 3693 1764 3734; x_wconf 92' lang='lat' dir='ltr'>o</span> 
     </span>
     <span class='ocr_line' id='line_1_40' title="bbox 138 3766 1764 3842; baseline 0.001 -19"><span class='ocrx_word' id='word_1_562' title='bbox 138 3767 272 3838; x_wconf 83' lang='lat' dir='ltr'>quitatem</span> <span class='ocrx_word' id='word_1_563' title='bbox 286 3771 359 3839; x_wconf 91' lang='lat' dir='ltr'>parit</span> <span class='ocrx_word' id='word_1_564' title='bbox 377 3783 441 3825; x_wconf 89' lang='lat' dir='ltr'>cum</span> <span class='ocrx_word' id='word_1_565' title='bbox 460 3769 570 3840; x_wconf 80' lang='lat' dir='ltr'>explere</span> <span class='ocrx_word' id='word_1_566' title='bbox 584 3770 668 3840; x_wconf 77' lang='lat' dir='ltr'>coepit</span> <span class='ocrx_word' id='word_1_567' title='bbox 688 3770 761 3841; x_wconf 88' lang='lat' dir='ltr'>quod</span> <span class='ocrx_word' id='word_1_568' title='bbox 776 3770 916 3842; x_wconf 86' lang='lat' dir='ltr'>cogitarit.</span> <span class='ocrx_word' id='word_1_569' title='bbox 980 3769 1058 3823; x_wconf 86' lang='lat' dir='ltr'>darno</span> <span class='ocrx_word' id='word_1_570' title='bbox 1082 3768 1177 3823; x_wconf 81' lang='lat' dir='ltr'>coire:</span> <span class='ocrx_word' id='word_1_571' title='bbox 1200 3766 1299 3837; x_wconf 76' lang='lat' dir='ltr'>sumus,</span> <span class='ocrx_word' id='word_1_572' title='bbox 1323 3766 1492 3823; x_wconf 75' lang='lat' dir='ltr'>stillicidium</span> <span class='ocrx_word' id='word_1_573' title='bbox 1527 3776 1551 3822; x_wconf 87' lang='lat' dir='ltr'>et</span> <span class='ocrx_word' id='word_1_574' title='bbox 1580 3768 1653 3823; x_wconf 88' lang='lat' dir='ltr'>mala</span> <span class='ocrx_word' id='word_1_575' title='bbox 1677 3784 1764 3837; x_wconf 67' lang='lat' dir='ltr'>usurp</span> 
     </span>
     <span class='ocr_line' id='line_1_41' title="bbox 138 3844 1797 3932; baseline 0.001 -19"><span class='ocrx_word' id='word_1_576' title='bbox 138 3855 242 3915; x_wconf 88' lang='lat' dir='ltr'>Dicitur</span> <span class='ocrx_word' id='word_1_577' title='bbox 266 3860 407 3932; x_wconf 83' lang='lat' dir='ltr'>cogitatio,</span> <span class='ocrx_word' id='word_1_578' title='bbox 430 3860 503 3917; x_wconf 90' lang='lat' dir='ltr'>unde</span> <span class='ocrx_word' id='word_1_579' title='bbox 525 3859 691 3916; x_wconf 84' lang='lat' dir='ltr'>Psalmista:</span> <span class='ocrx_word' id='word_1_580' title='bbox 707 3858 868 3915; x_wconf 78' lang='lat' dir='ltr'>Erraaerunt</span> <span class='ocrx_word' id='word_1_581' title='bbox 890 3859 922 3915; x_wconf 82' lang='lat' dir='ltr'>oi</span> <span class='ocrx_word' id='word_1_582' title='bbox 980 3871 1009 3919; x_wconf 89' lang='lat' dir='ltr'>ct</span> <span class='ocrx_word' id='word_1_583' title='bbox 1020 3863 1048 3918; x_wconf 89' lang='lat' dir='ltr'>in</span> <span class='ocrx_word' id='word_1_584' title='bbox 1063 3861 1175 3919; x_wconf 83' lang='lat' dir='ltr'>Psalmo</span> <span class='ocrx_word' id='word_1_585' title='bbox 1191 3876 1198 3915; x_wconf 79' lang='lat' dir='ltr'>a</span> <span class='ocrx_word' id='word_1_586' title='bbox 1215 3855 1289 3914; x_wconf 75' lang='lat' dir='ltr'>licor</span> <span class='ocrx_word' id='word_1_587' title='bbox 1304 3866 1350 3914; x_wconf 86' lang='lat' dir='ltr'>tua</span> <span class='ocrx_word' id='word_1_588' title='bbox 1363 3859 1432 3912; x_wconf 85' lang='lat' dir='ltr'>siout</span> <span class='ocrx_word' id='word_1_589' title='bbox 1443 3857 1504 3912; x_wconf 83' lang='lat' dir='ltr'>aitis</span> <span class='ocrx_word' id='word_1_590' title='bbox 1516 3856 1664 3914; x_wconf 84' lang='lat' dir='ltr'>aluudons.</span> <span class='ocrx_word' id='word_1_591' title='bbox 1792 3844 1797 3855; x_wconf 82' lang='grc'><strong>’</strong></span> 
     </span>
     <span class='ocr_line' id='line_1_42' title="bbox 137 3952 927 4026; baseline 0 -17"><span class='ocrx_word' id='word_1_592' title='bbox 137 3958 222 4021; x_wconf 64' lang='lat' dir='ltr'>uara,</span> <span class='ocrx_word' id='word_1_593' title='bbox 233 3962 258 4010; x_wconf 83' lang='lat' dir='ltr'>et</span> <span class='ocrx_word' id='word_1_594' title='bbox 272 3952 353 4010; x_wconf 85' lang='lat' dir='ltr'>locuti</span> <span class='ocrx_word' id='word_1_595' title='bbox 364 3963 426 4011; x_wconf 82' lang='lat' dir='ltr'>suot</span> <span class='ocrx_word' id='word_1_596' title='bbox 437 3953 519 4025; x_wconf 72' lang='lat' dir='ltr'>laisa.</span> <span class='ocrx_word' id='word_1_597' title='bbox 536 3953 639 4011; x_wconf 89' lang='lat' dir='ltr'>Dicitur</span> <span class='ocrx_word' id='word_1_598' title='bbox 653 3953 745 4010; x_wconf 82' lang='lat' dir='ltr'>divina</span> <span class='ocrx_word' id='word_1_599' title='bbox 759 3955 927 4026; x_wconf 83' lang='lat' dir='ltr'>praeordina-</span> 
     </span>
    </p>
   </div>
   <div class='ocr_carea' id='block_1_5' title="bbox 916 4124 985 4234">
    <p class='ocr_par' dir='ltr' id='par_1_5' title="bbox 916 4124 985 4234">
     <span class='ocr_line' id='line_1_43' title="bbox 916 4124 985 4234; baseline 0 0"><span class='ocrx_word' id='word_1_600' title='bbox 916 4124 985 4234; x_wconf 81' lang='lat' dir='ltr'>V</span> 
     </span>
    </p>
   </div>
   <div class='ocr_carea' id='block_1_6' title="bbox 135 4312 1763 5034">
    <p class='ocr_par' dir='ltr' id='par_1_6' title="bbox 135 4312 1763 4854">
     <span class='ocr_line' id='line_1_44' title="bbox 177 4312 1763 4401; baseline -0.006 -24"><span class='ocrx_word' id='word_1_601' title='bbox 177 4320 286 4389; x_wconf 78' lang='lat' dir='ltr'>Vocare,</span> <span class='ocrx_word' id='word_1_602' title='bbox 304 4322 438 4394; x_wconf 63' lang='lat' dir='ltr'>proprie}</span> <span class='ocrx_word' id='word_1_603' title='bbox 452 4321 534 4379; x_wconf 72' lang='lat' dir='ltr'>Notat</span> <span class='ocrx_word' id='word_1_604' title='bbox 551 4325 695 4394; x_wconf 84' lang='lat' dir='ltr'>irttenoerr,</span> <span class='ocrx_word' id='word_1_605' title='bbox 705 4312 785 4381; x_wconf 82' lang='lat' dir='ltr'>&#39;unde</span> <span class='ocrx_word' id='word_1_606' title='bbox 807 4322 925 4393; x_wconf 77' lang='lat' dir='ltr'>Apusto·</span> <span class='ocrx_word' id='word_1_607' title='bbox 940 4320 1061 4384; x_wconf 69' lang='lat' dir='ltr'>homas</span> <span class='ocrx_word' id='word_1_608' title='bbox 1078 4318 1244 4376; x_wconf 71' lang='lat' dir='ltr'>laruarum.</span> <span class='ocrx_word' id='word_1_609' title='bbox 1260 4315 1346 4401; x_wconf 72' lang='lat' dir='ltr'>Tpuri</span> <span class='ocrx_word' id='word_1_610' title='bbox 1360 4318 1489 4375; x_wconf 91' lang='lat' dir='ltr'>dicuntur</span> <span class='ocrx_word' id='word_1_611' title='bbox 1511 4314 1631 4373; x_wconf 80' lang='lat' dir='ltr'>uaeretiei</span> <span class='ocrx_word' id='word_1_612' title='bbox 1653 4322 1763 4386; x_wconf 89' lang='lat' dir='ltr'>propter</span> 
     </span>
     <span class='ocr_line' id='line_1_45' title="bbox 136 4406 1761 4488; baseline -0.005 -19"><span class='ocrx_word' id='word_1_613' title='bbox 136 4414 197 4472; x_wconf 90' lang='lat' dir='ltr'>lus:</span> <span class='ocrx_word' id='word_1_614' title='bbox 214 4413 304 4470; x_wconf 85' lang='lat' dir='ltr'>Nolite</span> <span class='ocrx_word' id='word_1_615' title='bbox 315 4415 441 4486; x_wconf 70' lang='lat' dir='ltr'>fraudare</span> <span class='ocrx_word' id='word_1_616' title='bbox 453 4416 574 4484; x_wconf 84' lang='lat' dir='ltr'>inuisam,</span> <span class='ocrx_word' id='word_1_617' title='bbox 594 4417 646 4472; x_wconf 85' lang='lat' dir='ltr'>nisi</span> <span class='ocrx_word' id='word_1_618' title='bbox 659 4416 769 4488; x_wconf 71' lang='lat' dir='ltr'>larteso</span> <span class='ocrx_word' id='word_1_619' title='bbox 785 4429 923 4481; x_wconf 77' lang='lat' dir='ltr'>consensu,</span> <span class='ocrx_word' id='word_1_620' title='bbox 975 4410 1191 4483; x_wconf 76' lang='lat' dir='ltr'>superbiamus!</span> <span class='ocrx_word' id='word_1_621' title='bbox 1214 4408 1404 4479; x_wconf 83' lang='lat' dir='ltr'>petulantiam.</span> <span class='ocrx_word' id='word_1_622' title='bbox 1428 4406 1535 4474; x_wconf 78' lang='lat' dir='ltr'>tacco,</span> <span class='ocrx_word' id='word_1_623' title='bbox 1561 4406 1699 4478; x_wconf 88' lang='lat' dir='ltr'>simplices</span> <span class='ocrx_word' id='word_1_624' title='bbox 1714 4406 1761 4476; x_wconf 89' lang='lat' dir='ltr'>qui</span> 
     </span>
     <span class='ocr_line' id='line_1_46' title="bbox 135 4497 1707 4571; baseline -0.003 -12"><span class='ocrx_word' id='word_1_625' title='bbox 135 4517 163 4560; x_wconf 87' lang='lat' dir='ltr'>at</span> <span class='ocrx_word' id='word_1_626' title='bbox 183 4508 279 4563; x_wconf 73' lang='lat' dir='ltr'>accedo</span> <span class='ocrx_word' id='word_1_627' title='bbox 292 4507 416 4562; x_wconf 84' lang='lat' dir='ltr'>arationi.</span> <span class='ocrx_word' id='word_1_628' title='bbox 435 4504 518 4564; x_wconf 84' lang='lat' dir='ltr'>Notat</span> <span class='ocrx_word' id='word_1_629' title='bbox 540 4507 658 4564; x_wconf 81' lang='lat' dir='ltr'>alienum</span> <span class='ocrx_word' id='word_1_630' title='bbox 672 4521 733 4563; x_wconf 90' lang='lat' dir='ltr'>esse</span> <span class='ocrx_word' id='word_1_631' title='bbox 753 4507 798 4562; x_wconf 82' lang='lat' dir='ltr'>rel</span> <span class='ocrx_word' id='word_1_632' title='bbox 810 4520 922 4571; x_wconf 81' lang='lat' dir='ltr'>cessare,</span> <span class='ocrx_word' id='word_1_633' title='bbox 974 4503 1009 4559; x_wconf 89' lang='lat' dir='ltr'>ab</span> <span class='ocrx_word' id='word_1_634' title='bbox 1026 4500 1160 4557; x_wconf 65' lang='lat' dir='ltr'>haereticis</span> <span class='ocrx_word' id='word_1_635' title='bbox 1173 4499 1348 4571; x_wconf 88' lang='lat' dir='ltr'>decipiuntur</span> <span class='ocrx_word' id='word_1_636' title='bbox 1363 4506 1474 4570; x_wconf 90' lang='lat' dir='ltr'>propter</span> <span class='ocrx_word' id='word_1_637' title='bbox 1493 4497 1707 4570; x_wconf 86' lang='lat' dir='ltr'>simplicitatem.</span> 
     </span>
     <span class='ocr_line' id='line_1_47' title="bbox 136 4589 1761 4669; baseline -0.004 -18"><span class='ocrx_word' id='word_1_638' title='bbox 136 4596 206 4653; x_wconf 88' lang='lat' dir='ltr'>unde</span> <span class='ocrx_word' id='word_1_639' title='bbox 220 4598 289 4654; x_wconf 90' lang='lat' dir='ltr'>solet</span> <span class='ocrx_word' id='word_1_640' title='bbox 300 4598 353 4654; x_wconf 91' lang='lat' dir='ltr'>dici</span> <span class='ocrx_word' id='word_1_641' title='bbox 366 4615 374 4655; x_wconf 77' lang='lat' dir='ltr'>a</span> <span class='ocrx_word' id='word_1_642' title='bbox 387 4596 445 4653; x_wconf 78' lang='lat' dir='ltr'>Hoc</span> <span class='ocrx_word' id='word_1_643' title='bbox 458 4614 510 4654; x_wconf 89' lang='lat' dir='ltr'>non</span> <span class='ocrx_word' id='word_1_644' title='bbox 533 4607 636 4653; x_wconf 87' lang='lat' dir='ltr'>oaaoto</span> <span class='ocrx_word' id='word_1_645' title='bbox 654 4597 793 4669; x_wconf 78' lang='lat' dir='ltr'>mpaterta,</span> <span class='ocrx_word' id='word_1_646' title='bbox 803 4590 924 4652; x_wconf 82' lang='lat' dir='ltr'>attudaei</span> <span class='ocrx_word' id='word_1_647' title='bbox 1015 4592 1156 4658; x_wconf 71' lang='lat' dir='ltr'>vacillare,</span> <span class='ocrx_word' id='word_1_648' title='bbox 1173 4592 1292 4665; x_wconf 87' lang='lat' dir='ltr'>propria.</span> <span class='ocrx_word' id='word_1_649' title='bbox 1305 4589 1387 4647; x_wconf 83' lang='lat' dir='ltr'>Notat</span> <span class='ocrx_word' id='word_1_650' title='bbox 1402 4590 1545 4662; x_wconf 76' lang='lat' dir='ltr'>infirmari,</span> <span class='ocrx_word' id='word_1_651' title='bbox 1565 4590 1654 4647; x_wconf 89' lang='lat' dir='ltr'>unde:</span> <span class='ocrx_word' id='word_1_652' title='bbox 1673 4589 1761 4647; x_wconf 86' lang='lat' dir='ltr'>l&#39;aail-</span> 
     </span>
     <span class='ocr_line' id='line_1_48' title="bbox 137 4667 1760 4761; baseline -0.001 -22"><span class='ocrx_word' id='word_1_653' title='bbox 137 4688 271 4743; x_wconf 82' lang='lat' dir='ltr'>racahant</span> <span class='ocrx_word' id='word_1_654' title='bbox 288 4690 314 4746; x_wconf 88' lang='lat' dir='ltr'>ht</span> <span class='ocrx_word' id='word_1_655' title='bbox 330 4667 453 4746; x_wconf 75' lang='lat' dir='ltr'>sabbato</span> <span class='ocrx_word' id='word_1_656' title='bbox 465 4704 481 4745; x_wconf 95' lang='lat' dir='ltr'>a</span> <span class='ocrx_word' id='word_1_657' title='bbox 494 4689 586 4746; x_wconf 82' lang='lat' dir='ltr'>seruili</span> <span class='ocrx_word' id='word_1_658' title='bbox 606 4703 697 4761; x_wconf 88' lang='lat' dir='ltr'>opera.</span> <span class='ocrx_word' id='word_1_659' title='bbox 712 4686 921 4745; x_wconf 82' lang='lat' dir='ltr'>Notatolliciutn</span> <span class='ocrx_word' id='word_1_660' title='bbox 974 4686 1061 4742; x_wconf 85' lang='lat' dir='ltr'>lantes</span> <span class='ocrx_word' id='word_1_661' title='bbox 1079 4686 1301 4756; x_wconf 64' lang='lat' dir='ltr'>coadunaverunt</span> <span class='ocrx_word' id='word_1_662' title='bbox 1323 4698 1454 4739; x_wconf 86' lang='lat' dir='ltr'>sermones</span> <span class='ocrx_word' id='word_1_663' title='bbox 1475 4682 1564 4739; x_wconf 80' lang='lat' dir='ltr'>uestri.</span> <span class='ocrx_word' id='word_1_664' title='bbox 1578 4681 1660 4739; x_wconf 83' lang='lat' dir='ltr'>Notat</span> <span class='ocrx_word' id='word_1_665' title='bbox 1678 4682 1760 4738; x_wconf 88' lang='lat' dir='ltr'>etiam</span> 
     </span>
     <span class='ocr_line' id='line_1_49' title="bbox 137 4774 1677 4854; baseline -0.002 -21"><span class='ocrx_word' id='word_1_666' title='bbox 137 4791 191 4834; x_wconf 91' lang='lat' dir='ltr'>uon</span> <span class='ocrx_word' id='word_1_667' title='bbox 212 4777 321 4846; x_wconf 82' lang='lat' dir='ltr'>habere,</span> <span class='ocrx_word' id='word_1_668' title='bbox 343 4781 416 4839; x_wconf 88' lang='lat' dir='ltr'>unde</span> <span class='ocrx_word' id='word_1_669' title='bbox 436 4781 536 4854; x_wconf 89' lang='lat' dir='ltr'>legitur</span> <span class='ocrx_word' id='word_1_670' title='bbox 557 4781 631 4854; x_wconf 83' lang='lat' dir='ltr'>quod</span> <span class='ocrx_word' id='word_1_671' title='bbox 653 4781 796 4837; x_wconf 89' lang='lat' dir='ltr'>Dominiea</span> <span class='ocrx_word' id='word_1_672' title='bbox 820 4788 911 4846; x_wconf 83' lang='lat' dir='ltr'>vacat,</span> <span class='ocrx_word' id='word_1_673' title='bbox 973 4779 1108 4846; x_wconf 76' lang='lat' dir='ltr'>dubitare,</span> <span class='ocrx_word' id='word_1_674' title='bbox 1122 4777 1197 4833; x_wconf 90' lang='lat' dir='ltr'>unde</span> <span class='ocrx_word' id='word_1_675' title='bbox 1208 4776 1308 4847; x_wconf 86' lang='lat' dir='ltr'>aliquis</span> <span class='ocrx_word' id='word_1_676' title='bbox 1323 4775 1424 4832; x_wconf 88' lang='lat' dir='ltr'>dicitur</span> <span class='ocrx_word' id='word_1_677' title='bbox 1435 4774 1562 4832; x_wconf 82' lang='lat' dir='ltr'>vacillare</span> <span class='ocrx_word' id='word_1_678' title='bbox 1575 4774 1602 4831; x_wconf 89' lang='lat' dir='ltr'>itt</span> <span class='ocrx_word' id='word_1_679' title='bbox 1615 4775 1677 4830; x_wconf 84' lang='lat' dir='ltr'>ilde.</span> 
     </span>
    </p>

    <p class='ocr_par' dir='ltr' id='par_1_7' title="bbox 137 4865 1759 5034">
     <span class='ocr_line' id='line_1_50' title="bbox 137 4865 1759 4945; baseline -0.004 -21"><span class='ocrx_word' id='word_1_680' title='bbox 137 4868 163 4924; x_wconf 92' lang='lat' dir='ltr'>id</span> <span class='ocrx_word' id='word_1_681' title='bbox 190 4877 304 4926; x_wconf 90' lang='lat' dir='ltr'>estnon</span> <span class='ocrx_word' id='word_1_682' title='bbox 333 4873 416 4931; x_wconf 85' lang='lat' dir='ltr'>hahet</span> <span class='ocrx_word' id='word_1_683' title='bbox 440 4872 570 4932; x_wconf 84' lang='lat' dir='ltr'>alliciunt.</span> <span class='ocrx_word' id='word_1_684' title='bbox 593 4872 675 4931; x_wconf 91' lang='lat' dir='ltr'>Notat</span> <span class='ocrx_word' id='word_1_685' title='bbox 698 4873 827 4945; x_wconf 79' lang='lat' dir='ltr'>relinqui.</span> <span class='ocrx_word' id='word_1_686' title='bbox 849 4872 922 4928; x_wconf 83' lang='lat' dir='ltr'>undo</span> <span class='ocrx_word' id='word_1_687' title='bbox 1014 4871 1125 4936; x_wconf 81' lang='lat' dir='ltr'>Vadere,</span> <span class='ocrx_word' id='word_1_688' title='bbox 1145 4868 1265 4942; x_wconf 87' lang='lat' dir='ltr'>proprie.</span> <span class='ocrx_word' id='word_1_689' title='bbox 1280 4866 1363 4925; x_wconf 86' lang='lat' dir='ltr'>Notat</span> <span class='ocrx_word' id='word_1_690' title='bbox 1374 4867 1529 4939; x_wconf 87' lang='lat' dir='ltr'>aspectibus</span> <span class='ocrx_word' id='word_1_691' title='bbox 1546 4865 1674 4922; x_wconf 89' lang='lat' dir='ltr'>humanis</span> <span class='ocrx_word' id='word_1_692' title='bbox 1694 4865 1759 4921; x_wconf 88' lang='lat' dir='ltr'>suh·</span> 
     </span>
     <span class='ocr_line' id='line_1_51' title="bbox 137 4952 1759 5034; baseline -0.009 -6"><span class='ocrx_word' id='word_1_693' title='bbox 137 4973 234 5034; x_wconf 66' lang='lat'>900222</span> <span class='ocrx_word' id='word_1_694' title='bbox 373 4952 375 4956; x_wconf 20' lang='lat'>⁸</span> <span class='ocrx_word' id='word_1_695' title='bbox 971 4964 1056 5029; x_wconf 86' lang='lat' dir='ltr'>trahi,</span> <span class='ocrx_word' id='word_1_696' title='bbox 1068 4960 1142 5018; x_wconf 86' lang='lat' dir='ltr'>undo</span> <span class='ocrx_word' id='word_1_697' title='bbox 1154 4960 1288 5018; x_wconf 75' lang='lat' dir='ltr'>Dominus</span> <span class='ocrx_word' id='word_1_698' title='bbox 1303 4978 1310 5017; x_wconf 80' lang='lat' dir='ltr'>t</span> <span class='ocrx_word' id='word_1_699' title='bbox 1330 4958 1402 5016; x_wconf 80' lang='lat' dir='ltr'>Vada</span> <span class='ocrx_word' id='word_1_700' title='bbox 1416 4969 1441 5015; x_wconf 85' lang='lat' dir='ltr'>et</span> <span class='ocrx_word' id='word_1_701' title='bbox 1452 4959 1526 5015; x_wconf 86' lang='lat' dir='ltr'>aenio</span> <span class='ocrx_word' id='word_1_702' title='bbox 1550 4957 1585 5011; x_wconf 85' lang='lat' dir='ltr'>ad</span> <span class='ocrx_word' id='word_1_703' title='bbox 1602 4972 1657 5012; x_wconf 87' lang='lat' dir='ltr'>aas.</span> <span class='ocrx_word' id='word_1_704' title='bbox 1677 4954 1759 5013; x_wconf 83' lang='lat' dir='ltr'>Notat</span> 
     </span>
    </p>
   </div>
   <div class='ocr_carea' id='block_1_7' title="bbox 220 5047 1758 5217">
    <p class='ocr_par' dir='ltr' id='par_1_8' title="bbox 220 5047 1758 5217">
     <span class='ocr_line' id='line_1_52' title="bbox 309 5047 1757 5133; baseline -0.003 -21"><span class='ocrx_word' id='word_1_705' title='bbox 309 5056 465 5130; x_wconf 78' lang='lat' dir='ltr'>Quanquam</span> <span class='ocrx_word' id='word_1_706' title='bbox 484 5060 586 5133; x_wconf 85' lang='lat' dir='ltr'>ioelpto</span> <span class='ocrx_word' id='word_1_707' title='bbox 599 5060 713 5115; x_wconf 86' lang='lat' dir='ltr'>muttum</span> <span class='ocrx_word' id='word_1_708' title='bbox 971 5055 1078 5112; x_wconf 76' lang='lat' dir='ltr'>obedire</span> <span class='ocrx_word' id='word_1_709' title='bbox 1088 5053 1132 5109; x_wconf 84' lang='lat' dir='ltr'>tel</span> <span class='ocrx_word' id='word_1_710' title='bbox 1141 5052 1241 5109; x_wconf 78' lang='lat' dir='ltr'>maoth</span> <span class='ocrx_word' id='word_1_711' title='bbox 1255 5061 1330 5108; x_wconf 88' lang='lat' dir='ltr'>ntotu</span> <span class='ocrx_word' id='word_1_712' title='bbox 1341 5051 1454 5118; x_wconf 76' lang='lat' dir='ltr'>maren,</span> <span class='ocrx_word' id='word_1_713' title='bbox 1468 5049 1539 5106; x_wconf 84' lang='lat' dir='ltr'>unda</span> <span class='ocrx_word' id='word_1_714' title='bbox 1551 5049 1579 5105; x_wconf 91' lang='lat' dir='ltr'>in</span> <span class='ocrx_word' id='word_1_715' title='bbox 1591 5047 1757 5123; x_wconf 81' lang='lat' dir='ltr'>Evangelio.</span> 
     </span>
     <span class='ocr_line' id='line_1_53' title="bbox 220 5124 1758 5217; baseline -0.001 -16"><span class='ocrx_word' id='word_1_716' title='bbox 220 5124 351 5183; x_wconf 51' lang='lat' dir='ltr'>came·</span> <span class='ocrx_word' id='word_1_717' title='bbox 368 5129 412 5182; x_wconf 63' lang='lat' dir='ltr'>“d</span> <span class='ocrx_word' id='word_1_718' title='bbox 426 5133 504 5200; x_wconf 58' lang='lat' dir='ltr'>istm</span> <span class='ocrx_word' id='word_1_719' title='bbox 517 5141 602 5188; x_wconf 63' lang='lat' dir='ltr'>imi·</span> <span class='ocrx_word' id='word_1_720' title='bbox 976 5147 1059 5214; x_wconf 80' lang='lat' dir='ltr'>Vade,</span> <span class='ocrx_word' id='word_1_721' title='bbox 1085 5153 1110 5200; x_wconf 84' lang='lat' dir='ltr'>et</span> <span class='ocrx_word' id='word_1_722' title='bbox 1133 5152 1162 5199; x_wconf 91' lang='lat' dir='ltr'>ttt</span> <span class='ocrx_word' id='word_1_723' title='bbox 1186 5144 1230 5216; x_wconf 73' lang='lat' dir='ltr'>sao</span> <span class='ocrx_word' id='word_1_724' title='bbox 1249 5144 1384 5200; x_wconf 81' lang='lat' dir='ltr'>similitor.</span> <span class='ocrx_word' id='word_1_725' title='bbox 1405 5142 1491 5199; x_wconf 85' lang='lat' dir='ltr'>item:</span> <span class='ocrx_word' id='word_1_726' title='bbox 1511 5140 1592 5211; x_wconf 79' lang='lat' dir='ltr'>Vade,</span> <span class='ocrx_word' id='word_1_727' title='bbox 1605 5151 1631 5199; x_wconf 85' lang='lat' dir='ltr'>st</span> <span class='ocrx_word' id='word_1_728' title='bbox 1644 5144 1758 5217; x_wconf 84' lang='lat' dir='ltr'>amplius</span> 
     </span>
    </p>
   </div>
   <div class='ocr_carea' id='block_1_8' title="bbox 134 5210 1157 5311">
    <p class='ocr_par' dir='ltr' id='par_1_9' title="bbox 134 5210 1157 5311">
     <span class='ocr_line' id='line_1_54' title="bbox 134 5210 1157 5311; baseline 0.022 -43"><span class='ocrx_word' id='word_1_729' title='bbox 134 5210 215 5271; x_wconf 80' lang='lat' dir='ltr'>Notat</span> <span class='ocrx_word' id='word_1_730' title='bbox 227 5217 305 5274; x_wconf 86' lang='lat' dir='ltr'>licere</span> <span class='ocrx_word' id='word_1_731' title='bbox 328 5219 370 5274; x_wconf 88' lang='lat' dir='ltr'>tel</span> <span class='ocrx_word' id='word_1_732' title='bbox 389 5220 524 5285; x_wconf 86' lang='lat' dir='ltr'>delectori,</span> <span class='ocrx_word' id='word_1_733' title='bbox 547 5226 618 5279; x_wconf 91' lang='lat' dir='ltr'>unde</span> <span class='ocrx_word' id='word_1_734' title='bbox 632 5219 746 5279; x_wconf 84' lang='lat' dir='ltr'>Ovidius</span> <span class='ocrx_word' id='word_1_735' title='bbox 971 5241 1027 5297; x_wconf 69' lang='lat' dir='ltr'>„pti</span> <span class='ocrx_word' id='word_1_736' title='bbox 1039 5254 1157 5311; x_wconf 62' lang='lat' dir='ltr'>peceare.</span> 
     </span>
    </p>
   </div>
   <div class='ocr_carea' id='block_1_9' title="bbox 220 5305 1755 5405">
    <p class='ocr_par' dir='ltr' id='par_1_10' title="bbox 220 5305 1755 5405">
     <span class='ocr_line' id='line_1_55' title="bbox 220 5305 1755 5405; baseline 0.01 -31"><span class='ocrx_word' id='word_1_737' title='bbox 220 5305 808 5385; x_wconf 62' lang='lat' dir='ltr'>N⁰²¹v⁰⁶⁰1⁰dm⁶⁸⁸⁰widermlwfsstl‘i·</span> <span class='ocrx_word' id='word_1_738' title='bbox 1011 5333 1056 5390; x_wconf 82' lang='lat' dir='ltr'>Vo</span> <span class='ocrx_word' id='word_1_739' title='bbox 1085 5331 1232 5404; x_wconf 85' lang='lat' dir='ltr'>aliquando</span> <span class='ocrx_word' id='word_1_740' title='bbox 1255 5331 1377 5389; x_wconf 86' lang='lat' dir='ltr'>insinuat</span> <span class='ocrx_word' id='word_1_741' title='bbox 1405 5332 1543 5391; x_wconf 84' lang='lat' dir='ltr'>miseriam</span> <span class='ocrx_word' id='word_1_742' title='bbox 1567 5333 1755 5405; x_wconf 79' lang='lat' dir='ltr'>temporalem,</span> 
     </span>
    </p>
   </div>
   <div class='ocr_carea' id='block_1_10' title="bbox 137 5406 1756 5673">
    <p class='ocr_par' dir='ltr' id='par_1_11' title="bbox 137 5406 1756 5673">
     <span class='ocr_line' id='line_1_56' title="bbox 178 5406 1751 5500; baseline 0.006 -27"><span class='ocrx_word' id='word_1_743' title='bbox 178 5416 270 5486; x_wconf 75' lang='lat' dir='ltr'>lama,</span> <span class='ocrx_word' id='word_1_744' title='bbox 285 5406 403 5493; x_wconf 78' lang='lat' dir='ltr'>proprie.</span> <span class='ocrx_word' id='word_1_745' title='bbox 416 5421 519 5478; x_wconf 88' lang='lat' dir='ltr'>Dicitur</span> <span class='ocrx_word' id='word_1_746' title='bbox 528 5423 609 5480; x_wconf 89' lang='lat' dir='ltr'>etiam</span> <span class='ocrx_word' id='word_1_747' title='bbox 623 5425 716 5483; x_wconf 89' lang='lat' dir='ltr'>latuus</span> <span class='ocrx_word' id='word_1_748' title='bbox 730 5425 772 5482; x_wconf 84' lang='lat' dir='ltr'>vel</span> <span class='ocrx_word' id='word_1_749' title='bbox 785 5424 919 5483; x_wconf 89' lang='lat' dir='ltr'>indiscre·</span> <span class='ocrx_word' id='word_1_750' title='bbox 970 5424 1118 5498; x_wconf 81' lang='lat' dir='ltr'>aliquando</span> <span class='ocrx_word' id='word_1_751' title='bbox 1141 5432 1220 5500; x_wconf 86' lang='lat' dir='ltr'>notat</span> <span class='ocrx_word' id='word_1_752' title='bbox 1233 5435 1362 5480; x_wconf 80' lang='lat' dir='ltr'>aeternam</span> <span class='ocrx_word' id='word_1_753' title='bbox 1384 5426 1586 5483; x_wconf 87' lang='lat' dir='ltr'>damnationem</span> <span class='ocrx_word' id='word_1_754' title='bbox 1600 5443 1608 5494; x_wconf 92' lang='lat'>;</span> <span class='ocrx_word' id='word_1_755' title='bbox 1629 5426 1701 5483; x_wconf 89' lang='lat' dir='ltr'>uude</span> <span class='ocrx_word' id='word_1_756' title='bbox 1722 5424 1751 5482; x_wconf 83' lang='lat' dir='ltr'>itt</span> 
     </span>
     <span class='ocr_line' id='line_1_57' title="bbox 137 5511 1756 5589; baseline 0.003 -22"><span class='ocrx_word' id='word_1_757' title='bbox 137 5520 188 5579; x_wconf 91' lang='lat' dir='ltr'>tus,</span> <span class='ocrx_word' id='word_1_758' title='bbox 203 5513 276 5569; x_wconf 91' lang='lat' dir='ltr'>unde</span> <span class='ocrx_word' id='word_1_759' title='bbox 286 5512 433 5571; x_wconf 87' lang='lat' dir='ltr'>Psalmista</span> <span class='ocrx_word' id='word_1_760' title='bbox 447 5532 453 5569; x_wconf 90' lang='lat'>:</span> <span class='ocrx_word' id='word_1_761' title='bbox 469 5514 643 5589; x_wconf 82' lang='lat' dir='ltr'>Cottprepatio</span> <span class='ocrx_word' id='word_1_762' title='bbox 657 5529 795 5575; x_wconf 89' lang='lat' dir='ltr'>taurorum</span> <span class='ocrx_word' id='word_1_763' title='bbox 810 5520 838 5574; x_wconf 87' lang='lat' dir='ltr'>in</span> <span class='ocrx_word' id='word_1_764' title='bbox 856 5536 918 5575; x_wconf 88' lang='lat' dir='ltr'>ooc—</span> <span class='ocrx_word' id='word_1_765' title='bbox 969 5515 1134 5587; x_wconf 77' lang='lat' dir='ltr'>Euangelio:</span> <span class='ocrx_word' id='word_1_766' title='bbox 1152 5514 1197 5570; x_wconf 81' lang='lat' dir='ltr'>Vo</span> <span class='ocrx_word' id='word_1_767' title='bbox 1210 5514 1269 5577; x_wconf 88' lang='lat' dir='ltr'>tili,</span> <span class='ocrx_word' id='word_1_768' title='bbox 1281 5511 1423 5583; x_wconf 73' lang='lat' dir='ltr'>corazain,</span> <span class='ocrx_word' id='word_1_769' title='bbox 1439 5515 1544 5583; x_wconf 85' lang='lat' dir='ltr'>uoetioi,</span> <span class='ocrx_word' id='word_1_770' title='bbox 1557 5512 1717 5574; x_wconf 80' lang='lat' dir='ltr'>Bethsaida!</span> <span class='ocrx_word' id='word_1_771' title='bbox 1728 5519 1756 5572; x_wconf 83' lang='lat' dir='ltr'>rt</span> 
     </span>
     <span class='ocr_line' id='line_1_58' title="bbox 138 5601 1392 5673; baseline 0 -16"><span class='ocrx_word' id='word_1_772' title='bbox 138 5607 171 5657; x_wconf 86' lang='lat' dir='ltr'>cir</span> <span class='ocrx_word' id='word_1_773' title='bbox 186 5605 352 5665; x_wconf 77' lang='lat' dir='ltr'>populorum.</span> <span class='ocrx_word' id='word_1_774' title='bbox 367 5608 419 5664; x_wconf 85' lang='lat' dir='ltr'>uel.</span> <span class='ocrx_word' id='word_1_775' title='bbox 441 5606 588 5664; x_wconf 85' lang='lat' dir='ltr'>secundum</span> <span class='ocrx_word' id='word_1_776' title='bbox 611 5611 691 5668; x_wconf 87' lang='lat' dir='ltr'>aliato</span> <span class='ocrx_word' id='word_1_777' title='bbox 717 5612 861 5668; x_wconf 87' lang='lat' dir='ltr'>litteram:</span> <span class='ocrx_word' id='word_1_778' title='bbox 883 5610 916 5666; x_wconf 82' lang='lat' dir='ltr'>ln</span> <span class='ocrx_word' id='word_1_779' title='bbox 970 5608 1055 5665; x_wconf 81' lang='lat' dir='ltr'>alihi:</span> <span class='ocrx_word' id='word_1_780' title='bbox 1076 5605 1120 5663; x_wconf 76' lang='lat' dir='ltr'>l&#39;n</span> <span class='ocrx_word' id='word_1_781' title='bbox 1134 5608 1216 5672; x_wconf 68' lang='lat' dir='ltr'>radia</span> <span class='ocrx_word' id='word_1_782' title='bbox 1231 5601 1392 5673; x_wconf 78' lang='lat' dir='ltr'>lauacrito!</span> 
     </span>
    </p>
   </div>
   <div class='ocr_carea' id='block_1_11' title="bbox 0 0 2000 6042">
    <p class='ocr_par' dir='ltr' id='par_1_12' title="bbox 0 0 2000 6042">
     <span class='ocr_line' id='line_1_59' title="bbox 0 0 2000 6042; baseline 0 1"><span class='ocrx_word' id='word_1_783' title='bbox 0 0 2000 6042; x_wconf 95' lang='lat' dir='ltr'> </span> 
     </span>
    </p>
   </div>
  </div>
 </body>
</html>
