3992 6042
882 167 987 227 stultu
1005 166 1050 226 ΒΕ
1067 165 1203 226 rutulis

748 339 873 414 ’ωσι
894 346 956 392 ono
976 340 1099 390 saurus
1120 340 1328 415 incurrrnnurr

1022 464 1062 508 nr

833 594 866 638 tit
884 587 1021 636 BUHUEU
1037 584 1256 630 bustualibus.

231 701 268 759 At
282 699 439 771 quicunque
451 700 536 760 Usum
550 701 664 773 supplex
678 699 787 768 affatur,
801 699 837 755 ab
849 697 896 755 lllo
1032 685 1108 747 ulie
1122 688 1219 758 genius
1233 695 1286 743 stet
1298 695 1392 743 nostor
1405 685 1490 754 iocre,
1502 695 1659 758 quantoque
1673 686 1767 743 laboro

233 788 360 860 morphe,
378 807 515 863 pemque
528 793 556 848 pn
570 792 697 850 eumdem
712 792 776 858 pne,
794 791 928 863 quiescat,
1068 776 1124 836 Nos
1139 794 1207 850 opus
1220 778 1297 844 eniti,
1311 794 1326 834 c
1341 777 1448 847 superis
1462 778 1573 849 quando
1584 779 1680 833 ultima
1693 778 1773 835 nobis

232 879 319 939 llulta
332 882 444 954 quidem
462 883 527 941 bulc
547 885 638 942 studio
656 885 776 941 subeunt
789 882 955 949 meditanda,
972 880 1018 952 ja·
1068 871 1116 928 Est
1128 871 1231 939 ⁸¹³110t
1248 879 1305 927 ²⁰⁰¹
1317 884 1373 941 (1¹¹0
1382 869 1528 941 pugnanda
1542 869 1578 926 ⁸1¹
1588 869 1684 925 θῑᾶῑΰθ
1699 883 1803 941 llum,

863 976 983 1049 [centem
1068 964 1138 1019 llum
1152 979 1235 1033 snpra
1248 962 1374 1033 inlraqoe
1389 962 1459 1017 inter
1474 977 1504 1017 sc
1518 961 1656 1018 contraria
1668 961 1779 1045 bellent.

232 1062 341 1123 'l'ollerc
352 1082 414 1137 quar
425 1067 533 1139 possint
551 1067 616 1124 binc
630 1068 663 1125 ad
682 1067 805 1126 coelcstia
819 1076 938 1124 mentem
956 1083 964 1120 ε
1069 1061 1164 1129 Quove
1179 1062 1261 1119 modo
1281 1069 1324 1119 cst
1342 1061 1431 1119 cuivis
1453 1059 1617 1128 curandum,
1642 1066 1673 1114 ut
1688 1071 1718 1113 se
1733 1057 1809 1111 intas
1822 1055 1864 1111 ad

232 1156 439 1228 cointemplator
449 1159 488 1215 uti
502 1173 535 1215 cx
554 1158 642 1215 nihilo
653 1158 725 1215 Deus
736 1159 829 1216 omnia
844 1159 983 1231 quondam
1687 1146 1821 1223 [unium

232 1247 392 1315 Protulerit,
411 1264 474 1320 quae
489 1250 541 1318 ris,
553 1249 689 1321 sapientia
702 1260 815 1321 quanta,
829 1250 893 1321 quis
905 1249 989 1305 ardor
1070 1246 1184 1314 Noscat,
1203 1254 1232 1302 ct
1244 1244 1348 1316 ignarae
1364 1242 1472 1315 lrangat
1485 1243 1630 1300 conamina
1649 1241 1768 1299 mentis:

232 1340 503 1412 Artillcis,quanturu
511 1344 660 1410 emineant,
670 1355 860 1417 quantumque
870 1346 1019 1407 nitescant:
1071 1337 1300 1415 Quandoquidem
1320 1334 1387 1413 quid
1405 1335 1439 1391 de
1461 1335 1593 1396 extremit
1619 1341 1713 1401 lenti·
1733 1331 1866 1388 immin&

231 1427 331 1486 Uronia
343 1445 376 1485 nc
386 1446 452 1488 uero
465 1440 570 1489 tanturn
585 1434 721 1491 admirere
732 1442 842 1502 creata,
1714 1425 1824 1500 [intent

232 1517 329 1590 Usque
338 1519 497 1579 Creatorem
510 1532 541 1580 ut
551 1539 605 1581 non
617 1537 707 1582 niente
719 1526 869 1597 animoque
883 1528 1020 1598 sequarisr
1072 1520 1236 1592 Distributio.
1253 1540 1288 1581 ne
1301 1525 1366 1583 dum
1382 1522 1497 1582 alterius
1512 1535 1542 1577 te
1555 1517 1642 1575 credit
1653 1515 1741 1579 amori
1754 1557 1762 1584 t

232 1607 304 1680 Ergo
320 1611 372 1668 sub
386 1612 512 1669 obtutum
524 1615 635 1672 ueniant
648 1632 819 1689 quaecunque
834 1619 963 1690 leguntur
1071 1612 1173 1685 Vergat
1188 1617 1216 1672 in
1229 1616 1342 1674 alterius
1357 1625 1473 1689 partem,
1484 1621 1511 1670 et
1526 1611 1633 1668 ratione
1645 1608 1742 1665 relicta

232 1701 360 1770 Lumine,
368 1704 474 1775 nequid
489 1708 562 1763 iners
572 1709 686 1778 proprio
699 1717 727 1765 et
737 1710 796 1765 sine
809 1712 1020 1782 muncrcdegat.
1073 1705 1207 1763 Sensibus
1219 1708 1372 1766 obstrictus
1387 1707 1471 1763 miser
1484 1705 1667 1769 obmutescat,
1680 1708 1711 1754 ut
1723 1699 1798 1756 undo

232 1792 357 1881 Namque
368 1796 458 1853 oculis
469 1797 554 1853 multa
564 1809 723 1868 occurrunt,
734 1815 796 1872 quae
806 1800 1023 1879 pabulacunctia
1073 1794 1195 1866 venerit,
1212 1799 1330 1871 ignoret.
1344 1806 1445 1869 ctqoo
1460 1808 1609 1868 properare
1623 1805 1736 1848 necesse
1751 1796 1805 1846 cst.

234 1882 368 1942 Sensibus
379 1886 533 1959 indulgent.
552 1887 645 1946 lerrae
661 1891 754 1959 decor,
769 1893 882 1949 aetbcris
897 1893 990 1961 ardor,
1073 1888 1109 1945 tlt
1125 1905 1187 1961 quas
1200 1890 1314 1947 bomine
1328 1889 1460 1947 interiora
1475 1888 1569 1943 animo
1594 1883 1751 1941 meditanda
1776 1880 1865 1937 orlni·

233 1974 377 2033 Undarum
393 1978 496 2050 liquor,
508 1990 536 2036 et
550 1981 619 2037 vasti
631 1996 681 2053 pcr
694 1982 776 2039 inane
788 1993 914 2052 meatus,
1037 2015 1059 2071 B
1710 1972 1824 2051 [strant

233 2065 303 2123 'lum
316 2068 379 2125 coeli
394 2070 490 2135 decus,
504 2079 588 2141 atque
600 2073 718 2145 ingentis
733 2074 838 2135 lumina
855 2074 951 2130 mundi
1073 2069 1109 2126 Ut
1122 2087 1184 2142 quac
1200 2087 1230 2128 sc
1241 2071 1394 2129 innumeris
1409 2070 1558 2128 virtutibus
1571 2068 1672 2140 inclyta
1687 2065 1797 2132 tollunt,

233 2157 348 2228 Sidera3
362 2161 426 2218 dein
440 2163 583 2222 oculorum
598 2174 626 2219 et
641 2165 740 2221 mentis
754 2166 881 2223 acumine
892 2164 955 2221 coeli
1073 2161 1166 2234 Usque
1180 2166 1249 2222 adeo
1266 2174 1375 2221 seruent
1388 2162 1483 2229 sireis,
1495 2177 1565 2233 quas
1578 2159 1670 2216 intulit
1681 2167 1789 2226 auctor,

232 2245 361 2308 Ambitus
376 2251 498 2310 insinuet
512 2270 584 2323 sese,
600 2258 735 2328 vertigine
748 2258 829 2329 cujus
1072 2254 1143 2312 com
1159 2269 1238 2311 meus
1249 2266 1323 2312 casta
1337 2255 1417 2320 alios,
1431 2254 1502 2310 alios
1516 2253 1559 2308 vis
1573 2251 1675 2317 acrior,
1689 2249 1751 2307 illos

233 2338 378 2398 vallantur
390 2359 453 2416 quai
466 2360 567 2418 corpus
583 2347 694 2416 babent,
705 2356 763 2404 tuns
778 2349 901 2405 cardinis
916 2348 961 2408 illc
1072 2345 1128 2401 Aut
1141 2347 1251 2402 animus
1265 2347 1387 2418 sapiens,
1401 2354 1449 2404 ant
1461 2344 1575 2415 pulcbra
1588 2342 1720 2398 modestia
1736 2338 1824 2401 tollat·

235 2438 365 2505 impetus,
380 2435 493 2503 assiduo
508 2439 555 2514 qui
570 2454 679 2501 summa
695 2440 834 2497 volumine
850 2450 970 2511 torquet,
1072 2436 1140 2505 oua
1149 2446 1259 2505 cuncta,
1271 2445 1301 2491 ut
1311 2437 1451 2508 proprium
1465 2435 1627 2495 mortalibus
1640 2434 1744 2490 inderet
1757 2432 1862 2506 ignem,

233 2522 299 2589 Uos
310 2528 426 2587 extremi
440 2529 535 2598 orbes,
550 2538 693 2604 totumque
706 2532 759 2588 sub
772 2546 823 2588 ate
836 2546 953 2588 corusco
1072 2526 1106 2587 Et
1122 2527 1206 2597 Deus,
1220 2537 1247 2585 ct
1262 2529 1369 2602 genitor
1381 2543 1480 2599 magna
1494 2529 1557 2598 pius
1567 2525 1673 2583 extudit
1685 2532 1755 2582 arte.
1787 2561 1791 2569 -

234 2614 424 2688 Perpendatur
435 2634 517 2695 opus,
535 2630 693 2694 motusque,
709 2631 861 2693 ortusque,
876 2622 1024 2693 obitusque
1108 2620 1158 2679 llis
1169 2622 1370 2679 animadversis
1384 2635 1462 2676 niens
1477 2635 1537 2678 sese
1551 2619 1675 2690 accinget
1689 2618 1724 2674 ad
1738 2617 1795 2683 illa,

236 2705 393 2779 istrorum,
412 2712 551 2784 uarieque
568 2712 652 2781 sices,
667 2712 788 2786 annique
800 2727 940 2771 recursus.
1073 2712 1141 2780 Quae
1156 2713 1270 2770 mininie
1284 2714 1363 2779 dunt,
1378 2713 1426 2770 sed
1441 2721 1517 2779 sont,
1534 2711 1609 2767 velut
1624 2712 1682 2781 ipsa
1698 2708 1823 2764 Platonis

236 2793 367 2858 Terrenis
381 2813 514 2872 quantum
526 2804 638 2866 [aucant
649 2807 782 2875 coelestia,
796 2806 871 2878 quali
1075 2801 1165 2859 Verba
1177 2811 1299 2875 canont;
1311 2804 1424 2875 jamque
1439 2821 1454 2860 a
1467 2820 1550 2863 sensu
1566 2804 1635 2860 nibil
1646 2810 1764 2874 expetet,
1776 2802 1851 2872 ipsas

236 2885 337 2947 Audiat
354 2893 488 2964 obsequio
501 2895 659 2955 caelestibus
673 2897 766 2957 intima
785 2898 882 2955 moles.
1073 2893 1191 2951 Naturae
1206 2910 1297 2951 rerum
1312 2897 1478 2967 expendens,
1499 2897 1659 2967 speciesque
1672 2913 1680 2951 t
1692 2894 1791 2950 deinde

237 2971 273 3033 Ut
288 2977 359 3037 luna
372 2998 545 3058 quaecunque
554 2988 636 3060 globo
646 2988 767 3060 subiecta
780 2988 904 3045 ferantur
1073 2988 1219 3059 angelicos
1232 2998 1359 3060 peruecta
1370 2991 1482 3060 gradus,
1497 2989 1626 3049 ascendet
1637 2985 1801 3060 Olympum

237 3064 341 3126 Urdinc
351 3076 494 3145 nascendi,
509 3081 642 3152 senioque
655 3081 802 3151 absumpta
817 3079 955 3150 fatiscant,
1076 3078 1133 3136 Nec
1147 3083 1264 3138 mortale
1276 3092 1367 3152 tuens,
1382 3084 1430 3140 sed
1444 3084 1501 3154 jam
1517 3082 1650 3141 diuinitus
1662 3089 1722 3137 atra

237 3158 454 3239 Praecipueque
466 3170 536 3228 nibil
548 3181 653 3229 naturae
664 3173 699 3230 ab
711 3174 798 3230 limite
809 3174 898 3230 cedat.
1073 3170 1152 3228 Nube
1166 3173 1261 3243 procul
1277 3174 1356 3244 pulsa
1371 3173 1500 3230 radiant:
1516 3172 1621 3229 lumine
1641 3178 1755 3238 cernet,

237 3250 307 3317 ssinc
320 3272 430 3331 quoque
445 3262 484 3317 oti
500 3262 614 3334 liqueat,
630 3265 708 3337 quali
722 3265 800 3322 locor
814 3267 908 3322 incitet
921 3274 1007 3323 oestro
1074 3261 1250 3339 illectusque
1263 3264 1300 3334 pii
1313 3264 1375 3321 lacta
1389 3264 1554 3336 inspectabit
1567 3264 1681 3320 amoris.

235 3342 363 3417 Pectora,
378 3367 440 3422 que
456 3355 603 3426 perbibent
622 3357 727 3413 bomini
744 3357 904 3413 famularier
918 3365 1003 3426 astra;
1036 3352 1058 3412 G
1110 3353 1427 3427 lumcircumsptcicns,
1442 3350 1863 3427 superaioleracnnctaridebit

235 3437 292 3497 Nec
304 3443 437 3500 mundum
451 3446 559 3502 ratione
571 3448 647 3518 regi,
664 3449 711 3503 sed
725 3448 761 3504 ab
774 3449 875 3520 impete
888 3450 956 3507 verti
1075 3447 1238 3506 collaudare
1249 3446 1348 3516 Deum,
1363 3457 1446 3520 atquc
1461 3448 1502 3504 illi
1517 3449 1589 3504 bona
1606 3453 1706 3503 cuncta
1720 3442 1824 3501 rcierre
1836 3458 1844 3497 ι

236 3525 378 3599 Fortunae,
393 3534 526 3606 varioque
540 3538 603 3608 angi
618 3537 744 3595 mortalia
756 3554 833 3597 caso.
1074 3541 1215 3613 Praecipue
1228 3542 1251 3599 si
1265 3556 1382 3614 quaque
1392 3541 1482 3598 oculis
1498 3540 1617 3597 obnoxia
1632 3538 1736 3596 nostris

236 3615 317 3681 Nunc
334 3629 427 3678 tamen
447 3623 520 3682 baud
541 3627 621 3685 locus
638 3630 698 3686 lraec
714 3629 899 3705 abstrusaque
918 3635 1024 3695 semine
1073 3633 1198 3708 ingenio,
1212 3633 1331 3705 lldeique
1346 3634 1404 3691 acie
1420 3633 1578 3691 lustraverit
1589 3632 1656 3689 acri.

882 3724 988 3801 [rerum
1073 3727 1143 3784 Nam
1155 3728 1238 3784 ueluti
1251 3729 1359 3799 spnaera
1374 3727 1436 3784 coeli
1452 3735 1480 3783 ct
1490 3740 1583 3783 rerum
1596 3731 1789 3798 generantum,

238 3796 375 3870 Scrutari,
390 3811 476 3865 actua
490 3807 573 3866 toties
587 3811 713 3869 discussa
732 3815 785 3872 sub
797 3817 894 3874 umbra
908 3836 915 3878 ι
1075 3818 1121 3879 Sin
1136 3820 1239 3876 chorus
1250 3820 1296 3876 illc
1309 3835 1399 3888 sacer,
1417 3833 1568 3890 manesque
1587 3832 1603 3872 a
1617 3824 1705 3873 morte
1715 3814 1846 3886 redempti

237 3888 298 3961 ipsa
316 3896 364 3999 sod
380 3912 397 3951 a
412 3897 502 3956 doctis
516 3899 576 3971 jam
592 3905 724 3977 vestigata
740 3911 832 3981 sagaci
1075 3911 1144 3971 Sunt
1159 3911 1240 3983 quael
1254 3911 1370 3971 materie
1384 3910 1528 3977 immunis,
1545 3924 1600 3965 non
1611 3906 1796 3966 uisilisorbis.

237 3980 359 4055 ingemo,
375 3997 404 4044 et
418 3989 476 4061 jam
490 3993 569 4061 scita,
583 3996 677 4052 animo
691 4010 853 4069 quaerantur
863 4011 946 4059 acuto
960 4023 968 4060 ι
1109 4004 1176 4072 Quae
1191 4005 1215 4060 si
1227 4012 1326 4061 cuncta
1344 4003 1428 4060 simul
1442 4004 1536 4059 animo
1550 4015 1712 4073 comprensa
1727 3998 1844 4057 Tonanti

237 4074 359 4183 indoctis
369 4091 501 4152 quantum
514 4086 636 4159 indulget
650 4104 701 4145 sua
714 4093 814 4163 cuique
827 4092 969 4163 blinersa,
1074 4095 1252 4169 AEquiparcs,
1265 4097 1303 4152 oli
1319 4111 1434 4167 prorsus
1447 4104 1531 4154 crunt
1543 4113 1550 4151 ι
1563 4108 1613 4167 per
1626 4109 1657 4150 sc
1668 4094 1773 4165 integer
1784 4092 1839 4158 illc,

237 4164 323 4272 Qucrs
333 4183 416 4241 opere
430 4174 458 4230 iu
473 4185 550 4234 tanto
563 4194 618 4235 non
631 4180 765 4237 desudare
780 4184 884 4241 licebit.
1073 4186 1142 4244 Pars
1155 4187 1239 4257 idern,
1251 4194 1380 4258 totusque
1390 4187 1475 4255 idem,
1491 4201 1556 4258 pars
1569 4201 1679 4258 semper
1693 4187 1806 4254 ubique,

237 4255 346 4332 Quippe
360 4264 454 4323 rudeis
468 4268 568 4325 crebro
580 4270 673 4328 divina
688 4275 807 4344 potentia
822 4276 923 4334 mirum
1076 4279 1191 4351 Semper
1206 4289 1279 4336 totos
1294 4279 1407 4352 ublqoc,
1422 4295 1521 4337 carens
1535 4287 1652 4350 ortuque
1663 4279 1804 4349 obituque.

238 4349 353 4457 Edftoeb
364 4365 395 4412 ut
411 4373 494 4429 porro
506 4362 638 4420 edoceant
652 4381 752 4423 arcana
767 4367 926 4439 proiessos;
1074 4369 1180 4426 Horum
1195 4371 1234 4426 nil
1245 4379 1318 4428 teres
1332 4378 1385 4439 est,
1399 4370 1513 4442 proprio
1533 4369 1574 4426 nil
1592 4368 1693 4425 robore
1704 4376 1823 4424 constat.

237 4441 290 4511 Qut
303 4449 382 4517 gnari
397 4460 501 4521 tamen,
517 4462 600 4525 atque
614 4455 737 4530 insignes
751 4476 865 4518 munere
877 4472 953 4523 tanto
1073 4466 1103 4523 ln
1115 4466 1232 4523 nibilum
1241 4467 1300 4539 jam
1312 4476 1412 4525 cuncta
1426 4475 1519 4536 ruant,
1531 4464 1555 4523 si
1569 4464 1708 4521 maximus
1723 4463 1768 4518 ille

237 4536 360 4610 Longius
372 4544 518 4611 anteirent,
534 4548 636 4607 summi
652 4553 816 4624 cumgratia
830 4553 921 4613 Patris
1072 4559 1181 4616 Arbiter
1195 4561 1289 4617 arcani
1304 4559 1409 4617 lluxum
1426 4567 1508 4631 neget
1518 4559 1557 4615 ire
1571 4558 1684 4627 uigoris.

237 4628 352 4688 Excolat
364 4632 514 4705 ingenium,
528 4652 584 4694 non
594 4639 728 4711 destruat,
744 4652 791 4699 aut
803 4644 873 4701 male
887 4655 985 4705 vermi.
1110 4650 1181 4711 Hinc
1194 4660 1319 4724 spectare
1331 4651 1395 4708 boet
1408 4651 1559 4721 vireisque,
1572 4647 1762 4718 animumque,
1772 4646 1859 4717 piam·

237 4723 289 4779 rlst
308 4723 450 4781 bominum
463 4741 550 4799 genus
564 4732 709 4801 ancipitem
724 4736 928 4807 speculantibus
944 4740 1023 4801 odera
1761 4736 1826 4811 [que

236 4813 1021 4903 h17llateriamsbincanimosdirlnaeconsciosanrae,
1074 4835 1196 4893 brtiilcis
1206 4841 1341 4904 merrtcm;
1355 4848 1514 4907 quanquam
1530 4831 1660 4890 interiore
1681 4829 1814 4887 suburbe

237 4904 303 4962 lndt
316 4908 392 4971 omni
407 4910 514 4968 ratibus
526 4928 635 4984 carens,
647 4931 818 4990 consorsque
833 4921 954 4978 terarum
1076 4928 1125 4986 Vis
1139 4930 1223 5001 riget,
1238 4929 1265 4985 in
1281 4942 1382 4998 supero
1393 4925 1527 4998 sapientia
1540 4924 1638 4994 lulget,
1657 4932 1685 4978 ct
1703 4920 1781 4977 ardet

238 4996 343 5058 Senem
357 5001 446 5073 adest,
457 5004 505 5075 qni
520 5020 592 5078 sape
606 5008 662 5066 alto
675 5026 726 5068 nos
741 5011 851 5070 fraudat
865 5013 992 5087 Olympo.
1074 5018 1136 5076 Lux
1148 5020 1176 5075 in
1190 5003 1330 5091 supremo,
1344 5018 1510 5088 bonitasque
1524 5017 1552 5072 in
1568 5013 1690 5085 quolibet
1701 5011 1801 5066 borum
1815 5025 1824 5063 s

274 5091 301 5148 ld
317 5109 427 5169 quoque
439 5102 578 5158 succurrit
591 5100 756 5161 soluendum
774 5107 884 5177 saepius,
899 5115 930 5164 ut
942 5123 1006 5165 cum
1075 5107 1181 5168 Cuncta
1200 5119 1293 5168 tamen
1311 5108 1449 5178 meditari,
1472 5115 1501 5165 et
1519 5105 1548 5164 lu
1564 5102 1694 5164 omuibus
1712 5099 1807 5159 omnia
1819 5095 1858 5154 las

237 5180 294 5240 llos
308 5198 402 5245 rerum
416 5189 444 5245 iu
456 5191 547 5248 rnedio
563 5207 612 5249 ceu
629 5194 724 5250 muudi
736 5195 825 5253 uincla
838 5197 935 5255 locarit
1758 5190 1823 5266 [0⁸²-

111 5320 118 5329 ,
237 5265 375 5338 basinus
385 5278 432 5339 ille
442 5279 539 5358 Upllca
549 5298 558 5356 ς
569 5293 673 5356 quanta
686 5286 793 5345 ratione
806 5290 957 5349 carendum
968 5298 1021 5360 est,

930 5481 1177 5510 cnr-‘0'-
