3992 6042
129 262 182 322 stt
503 212 643 319 cunrat
663 258 872 320 nnssrtcos
892 260 983 318 trust
1002 258 1182 331 oosruon.
1199 292 1236 303 -
1254 261 1318 316 urs.
1339 262 1359 317 t.
1705 268 1759 324 sao

126 381 207 453 iuxta
230 381 391 448 secundam,
407 382 507 438 erescit
530 397 656 447 aceruus,
681 398 743 438 eum
767 383 791 438 ei
814 383 1021 453 aliquidnest.
1045 380 1196 436 Possumus
1219 388 1310 437 tamen
1334 381 1435 448 dicere,
1450 383 1523 453 quod
1547 383 1621 439 color
1637 394 1662 440 et
1677 401 1758 455 sapor

128 472 242 528 additur
256 472 288 527 a·
303 472 380 539 Quod
397 475 485 544 primo
496 476 578 530 modo
595 483 723 545 augetur,
740 473 816 529 terbi
830 475 917 545 gratia
967 482 1032 528 sunt
1046 473 1074 526 iu
1085 472 1172 528 iorma
1186 471 1277 542 panis,
1294 479 1321 526 at
1337 471 1385 536 lta,
1402 473 1567 529 miraculose
1581 474 1709 529 accidens
1722 476 1759 530 sit

127 564 246 635 virgula,
263 579 317 621 nort
331 567 432 621 crescit
444 566 515 636 quod
529 566 632 636 aliquid
647 567 674 621 in
689 582 719 621 ea
733 566 918 632 addatur,sed
968 563 995 617 iu
1010 563 1159 619 accidente.

129 655 195 726 quia
209 655 346 711 mediante
366 657 458 712 calore
473 664 501 711 et
518 657 643 720 humore,
661 656 846 711 extenduntur
856 654 918 725 ejus
1004 652 1056 708 Sed
1071 653 1197 709 similiter
1214 651 1260 706 hio
1273 649 1359 721 quaeri
1376 664 1478 723 posset,
1493 655 1526 711 tle
1541 654 1600 725 ipsa
1613 652 1714 722 iorma,
1728 657 1756 714 itt

127 758 232 818 partes.
250 746 406 803 &condunt
429 743 500 802 hanc
514 747 653 818 augmenti
668 748 799 817 speciem,
822 748 918 804 nrtrlti·
966 758 1022 814 quo
1034 745 1079 808 sit,
1092 758 1155 800 cum
1168 752 1196 798 et
1208 744 1267 813 ipsa
1279 742 1365 799 lorma
1383 745 1570 802 sitaccidens.

128 837 810 910 plicatisuntpanesilli,quibusl)ominus245
822 837 919 894 teleclt
1004 835 1105 891 hicttnt
1126 836 1250 905 quidam,
1271 836 1346 892 nulla
1366 836 1518 892 accidentia
1556 838 1593 892 ibi
1613 855 1675 896 esse
1695 849 1758 910 post

130 931 257 1001 quinque
280 929 521 985 millialtonrinum
535 929 645 1001 (dorth.
668 931 737 1001 tri).
760 931 830 998 Quia
854 944 919 1001 ergo
966 927 1316 994 transsubstantiationem,
1339 928 1387 984 sed
1410 928 1496 983 rideri
1517 944 1588 994 esse,
1612 944 1674 985 cum
1700 949 1754 988 uon

128 1021 198 1077 nihil
213 1020 315 1076 Christi
329 1022 439 1093 corpori
452 1022 570 1089 additur,
586 1036 636 1077 trec
652 1021 711 1092 ejus
724 1030 815 1092 partes
823 1031 918 1078 erten-
967 1021 1033 1076 sint.
1047 1016 1124 1075 Unde
1134 1036 1189 1074 non
1204 1020 1299 1075 dieunt
1314 1019 1351 1075 liti
1364 1036 1426 1076 esse
1438 1020 1589 1076 albedinem
1605 1021 1646 1076 tel
1660 1033 1756 1077 rotun·

128 1111 247 1175 drrrrttrr,
268 1110 388 1166 dicimus
402 1113 475 1182 quod
494 1111 596 1168 Christi
612 1128 711 1183 corpus
724 1129 778 1168 tton
792 1125 916 1185 augetur.
967 1111 1090 1177 ditatam,
1109 1110 1155 1167 sed
1171 1112 1235 1167 talia
1248 1112 1285 1168 ibi
1302 1112 1386 1168 rideri
1400 1113 1427 1168 in
1443 1122 1635 1180 sacramento,
1650 1130 1701 1170 nec
1714 1114 1756 1172 di·

165 1201 321 1258 Secundum
344 1205 415 1261 hanc
434 1205 611 1261 titulationem
632 1207 917 1263 transsubstantiatio·
966 1211 1033 1257 tuni
1048 1203 1084 1257 lbi
1101 1219 1163 1258 0⁵⁸0
1177 1204 1354 1274 diffugium.
1371 1205 1418 1260 Sed
1434 1215 1648 1262 sacramentum·

72 1282 78 1290 ’
128 1295 183 1360 nis,
198 1295 342 1350 dicendum
355 1306 397 1352 εει
410 1297 481 1366 quod
496 1297 574 1366 panis
590 1304 711 1352 mutatur
723 1301 917 1354 sauconterti-
1003 1292 1072 1348 Sunt
1092 1294 1165 1348 anim
1187 1296 1403 1366 multespecies
1429 1295 1542 1352 lailacioe
1564 1299 1639 1356 visus
1665 1318 1672 1356 ι
1695 1299 1754 1356 Usa

127 1395 174 1441 tur
186 1387 213 1441 irt
230 1401 330 1456 corpus
346 1386 460 1443 Christi.
477 1387 658 1444 concedimus
669 1389 750 1444 etiam
768 1391 822 1445 alia
834 1391 917 1447 verba
966 1395 1018 1450 εει,
1032 1385 1142 1455 quaudo
1159 1403 1212 1442 nort
1232 1386 1358 1442 ridemus
1372 1388 1444 1458 quod
1460 1389 1548 1444 oeulis
1563 1403 1753 1459 praesentatur,

127 1479 308 1533 mutationem
322 1478 516 1549 signitlcantia,
528 1489 557 1536 ut
571 1480 649 1550 panis
663 1480 710 1535 tlet
722 1495 823 1551 corpus
837 1481 916 1536 Chri·
966 1492 1028 1547 qus
1042 1476 1142 1533 dieitur
1163 1479 1265 1534 aurisia
1277 1479 1311 1546 ⁸¹,
1327 1480 1353 1535 id
1377 1489 1419 1535 est
1441 1480 1593 1545 avidentia,
1615 1498 1669 1553 qna
1693 1500 1755 1553 per·

128 1566 174 1633 sti,
193 1573 355 1622 nontamen
375 1568 486 1639 incipiet
506 1584 566 1626 esse
587 1584 687 1638 corpus
706 1568 808 1625 Christi
840 1568 915 1626 hict-
966 1567 1039 1622 eussi
1054 1567 1164 1625 luerunt
1175 1569 1222 1640 qui
1235 1569 1362 1626 Elissam
1378 1572 1536 1641 querebant
1551 1571 1577 1642 (l
1587 1570 1606 1626 l'
1630 1572 1692 1644 lieg.
1703 1578 1753 1641 tr);

127 1673 191 1715 ritus
205 1659 286 1715 etiarn
302 1659 375 1729 quod
389 1660 468 1729 partis
480 1659 581 1716 desinit
594 1675 666 1727 esse,
686 1676 736 1716 nec
750 1670 840 1715 tamen
852 1675 915 1717 eor·
967 1656 1020 1711 alia
1032 1666 1075 1712 est
1085 1674 1146 1728 quoe
1156 1660 1256 1716 dicitur
1267 1660 1444 1730 prestigium,
1457 1662 1567 1730 quando
1580 1671 1637 1716 arte
1649 1664 1754 1735 magica

126 1749 280 1819 rumpitur;
300 1764 354 1806 non
377 1750 451 1805 euim
478 1749 578 1806 desinit
597 1765 659 1806 esse
681 1766 729 1821 per
749 1751 915 1806 naturalium
930 1725 951 1780 Β
966 1749 1003 1805 ita
1023 1752 1228 1823 praestigiuntur
1242 1753 1314 1809 oculi
1327 1753 1361 1821 ⁴⁸,
1374 1755 1548 1809 uttideatur
1570 1754 1672 1826 aliquid
1693 1771 1755 1811 esse

126 1839 352 1908 infirmationem,
368 1840 414 1896 sed
429 1856 477 1911 per
493 1840 667 1897 miraculum.
965 1843 1038 1910 quod
1051 1857 1105 1898 uon
1120 1851 1172 1910 est,
1188 1858 1240 1900 trec
1252 1845 1377 1899 rideatur
1390 1846 1461 1914 quod
1474 1856 1515 1901 est
1529 1862 1537 1899 ε
1552 1845 1605 1901 hoc
1621 1854 1711 1902 autem
1725 1847 1755 1902 nt

161 1929 222 1987 Non
234 1943 276 1989 εει
286 1934 367 1989 etiam
384 1935 496 1997 mirum,
507 1934 531 1988 si
542 1949 642 2003 corpus
655 1933 756 1990 Christi
769 1933 915 2002 aliquante
965 1933 1089 2001 :imagis
1105 1935 1138 1990 ad
1156 1934 1364 2006 decipiendunt;
1380 1937 1434 1990 alia
1447 1951 1512 1991 reto
1528 1946 1581 2002 εει,
1596 1953 1657 2007 quae
1676 1940 1705 1993 ilt
1718 1941 1753 1993 ad

124 2022 289 2091 quantitatis
302 2024 384 2079 intret
402 2039 450 2093 pet·
461 2038 493 2079 os
513 2023 643 2091 hominis,
664 2039 726 2079 eum
738 2023 795 2093 jam
809 2024 846 2078 sit
856 2024 913 2094 glo·
966 2024 1170 2093 instruendum,
1186 2035 1213 2082 et
1227 2028 1254 2080 irt
1267 2033 1486 2093 sacramentum,
1499 2028 1577 2097 iusta
1592 2030 1665 2098 qaod
1679 2030 1753 2085 ride·

125 2112 274 2181 rideatum,
292 2131 342 2170 nec
365 2115 485 2185 aliquam
510 2115 538 2169 itt
564 2112 624 2170 loco
649 2115 807 2170 distantiam
822 2115 912 2174 iaciat.
965 2116 1048 2171 hatur
1062 2118 1202 2188 prophetis
1216 2118 1319 2184 ridere,
1335 2120 1408 2188 quod
1426 2134 1479 2173 nou
1495 2119 1646 2175 ridebatur.
1664 2119 1752 2185 liudo,

124 2201 184 2261 lloe
210 2215 301 2260 tamem
325 2220 457 2276 negamus
481 2205 554 2276 quod
582 2207 616 2261 de
644 2221 715 2278 purte
740 2206 788 2262 liet
814 2222 916 2277 eorpus
964 2207 1099 2266 ieremias
1124 2210 1267 2266 ridebatur
1295 2211 1387 2267 ridere
1416 2211 1499 2267 ollam
1528 2227 1689 2271 succensam
1717 2217 1753 2273 ab

122 2295 239 2362 Christi,
251 2295 318 2365 quia
343 2295 455 2353 denotat
471 2297 625 2365 materiam,
652 2305 679 2352 et
697 2298 776 2368 panis
792 2307 913 2367 nonest,
965 2296 1103 2365 aquilone,
1114 2298 1159 2353 cui
1169 2298 1273 2353 dictum
1284 2314 1327 2355 εει
1339 2317 1346 2354 z
1359 2299 1397 2353 di
1408 2300 1529 2371 aquilone
1538 2303 1668 2372 partietur
1678 2319 1754 2361 outrts

123 2402 177 2443 nec
191 2387 244 2442 erit
268 2387 381 2442 materia
404 2389 530 2458 corporis
550 2387 662 2444 Christi.
688 2387 810 2444 dicimus
831 2389 914 2445 etiam
964 2386 1066 2441 ardum
1080 2404 1158 2458 super
1171 2388 1333 2445 habitatores
1349 2388 1497 2445 Jerusalem
1512 2390 1580 2463 (ier.
1597 2394 1628 2462 ι).

124 2479 198 2547 quod
214 2477 278 2533 lieet
293 2492 393 2548 corpus
403 2477 505 2534 Christi
519 2480 688 2546 comedatur,
702 2494 809 2548 semper
822 2488 914 2535 tamen
1001 2477 1143 2546 Similiter,
1158 2495 1241 2552 sapor
1255 2489 1283 2535 et
1301 2481 1378 2536 color
1397 2482 1526 2537 ridentur
1538 2500 1600 2541 εεεε
1615 2487 1641 2541 in
1661 2502 1753 2546 sacra·

125 2567 335 2638 iucormptibile
352 2577 379 2622 ει
399 2567 564 2625 indivisibile
583 2578 716 2625 remanet.
736 2568 805 2624 Cum
821 2576 913 2624 autern
963 2579 1056 2626 mento
1069 2570 1174 2639 altaris,
1197 2587 1246 2628 uec
1263 2581 1354 2627 tamen
1372 2572 1409 2627 ihi
1429 2582 1470 2629 est
1491 2576 1669 2646 praestigium,
1688 2581 1753 2651 quia

125 2673 228 2729 corpus
243 2658 346 2715 Christi
366 2660 467 2716 dicitur
487 2660 571 2716 dividi
590 2661 633 2716 tel
647 2659 747 2732 lrangi,
770 2661 861 2731 potius
878 2660 914 2717 ad
964 2660 1016 2716 hoc
1028 2677 1082 2717 non
1095 2666 1125 2717 ht
1136 2663 1169 2718 ad
1184 2663 1385 2733 decipiendum,
1401 2664 1448 2720 sed
1463 2668 1555 2734 potius
1572 2670 1604 2721 ad
1617 2668 1754 2725 instaren-

125 2748 243 2805 lartnaat
266 2752 345 2821 panis
365 2750 482 2806 refertur
504 2767 587 2822 quam
612 2754 646 2808 ad
669 2766 771 2823 corpus
791 2750 912 2820 Clrristi;
963 2750 1040 2818 dum,
1052 2762 1079 2807 et
1092 2753 1120 2807 in
1133 2765 1345 2809 sacramentum.
1359 2753 1423 2818 Sed,
1436 2758 1501 2826 quid
1514 2757 1553 2811 ire
1569 2759 1695 2814 volumus
1705 2775 1753 2829 per

126 2840 225 2896 fractio
246 2842 319 2896 euim
345 2842 390 2897 illa
409 2843 451 2898 tel
474 2843 573 2899 ditisio
597 2859 651 2900 non
676 2852 719 2899 est
743 2843 770 2898 itt
798 2858 914 2912 corpore
962 2844 1108 2897 teritorum
1124 2843 1283 2905 anfractus?
1299 2843 1380 2898 unica
1400 2854 1443 2899 εει
1464 2846 1497 2900 ad
1522 2845 1579 2901 haec
1600 2852 1752 2915 responsio,

125 2930 241 2999 Christi,
256 2933 302 2989 sed
319 2933 346 2988 in
364 2932 451 2990 lornta
465 2935 554 3005 panis.
570 2933 629 2989 Non
648 2946 690 2991 est
702 2937 784 2991 etiam
800 2937 911 3002 miratu,
963 2934 1037 3004 quod
1052 2934 1080 2988 itt
1096 2934 1238 3000 miraculo,
1254 2951 1308 2990 iton
1323 2944 1365 2991 est
1379 2938 1525 3005 quaerenda
1539 2939 1618 2992 ratio.
1633 2936 1754 2995 Dicimus

126 3025 150 3080 si
164 3025 210 3080 ille
224 3026 271 3097 qui
293 3025 357 3081 iecit
377 3028 470 3081 omnia
491 3038 525 3082 ex
547 3027 645 3094 nihilo,
665 3027 747 3083 iaciat
762 3027 912 3083 accidentia
927 3053 949 3111 ο
963 3025 1047 3079 etiam
1062 3024 1136 3093 quod
1151 3024 1261 3093 quando
1282 3025 1370 3080 iorma
1392 3026 1437 3081 illa
1457 3027 1588 3082 dividitur
1608 3028 1635 3082 in
1650 3039 1753 3098 partes,

125 3132 187 3173 esse
199 3118 259 3173 sine
270 3118 403 3173 materiali
417 3118 541 3188 subjecto
554 3118 587 3173 ⁸⁸.
604 3119 644 3172 Ad
660 3118 712 3174 hoc
724 3118 797 3185 quod
808 3119 912 3184 dicunt,
965 3117 1037 3172 sicut
1051 3116 1127 3185 prius
1144 3116 1246 3171 Christi
1262 3132 1363 3185 corpus
1383 3126 1469 3174 totum
1487 3128 1515 3173 et
1534 3121 1669 3189 integrunt
1685 3121 1753 3175 late-

126 3210 200 3280 quod
213 3210 240 3264 itt
253 3210 331 3265 altari
346 3210 436 3265 adhuc
450 3218 493 3265 εει
502 3210 580 3280 panis
591 3218 652 3279 post
666 3210 912 3274 consecrationem,
964 3207 1013 3263 bat
1035 3208 1087 3263 sub
1108 3208 1213 3278 integra
1235 3206 1334 3274 lotura,
1360 3217 1453 3278 postea
1476 3210 1558 3280 246
1571 3212 1623 3265 suh
1638 3211 1754 3281 singulis

126 3302 192 3372 qnia
210 3302 247 3356 ibi
261 3301 338 3371 prius
351 3301 403 3356 luit
417 3301 509 3372 panis,
525 3311 550 3356 et
564 3302 654 3356 adhuc
666 3310 709 3356 est
720 3301 808 3355 iornta
819 3301 913 3371 panis;
964 3298 1137 3369 portionibus
1156 3297 1254 3353 hostiae
1272 3297 1366 3353 inacta:
1386 3298 1452 3354 latet
1475 3300 1545 3355 ident
1566 3316 1665 3371 corpus
1682 3302 1753 3357 inte·

125 3393 335 3463 respondemus,
349 3393 422 3463 quod
436 3408 500 3448 tere
512 3393 549 3448 ihi
562 3393 613 3447 luit
627 3393 716 3463 partis,
733 3393 780 3449 sed
793 3400 915 3448 tnutatus

125 3493 170 3538 est
190 3485 218 3538 itt
239 3500 339 3555 corpus
357 3484 471 3551 Christi,
488 3493 516 3539 et
534 3484 622 3540 forma
641 3493 775 3551 remanet,
795 3486 847 3539 sub
860 3500 914 3554 qna

126 3574 193 3629 latet
208 3589 309 3644 eorpus
320 3574 433 3629 Christi.
450 3573 484 3628 Et
497 3574 548 3630 hoc
566 3574 596 3629 llt
608 3575 751 3643 multiplici
768 3573 802 3630 de
818 3589 912 3629 causa.

126 3664 218 3721 Prima
231 3677 283 3731 est,
298 3667 362 3737 quia
379 3684 390 3718 t
412 3666 479 3721 ildes
491 3682 546 3721 aon
561 3666 641 3721 hahet
652 3667 790 3732 meritum,
802 3667 845 3722 cui
860 3667 914 3721 ltu·

126 3774 208 3813 matta
227 3759 297 3813 ratio
312 3758 413 3828 praebet
429 3759 661 3827 experimentum
678 3777 688 3808 t
706 3756 770 3824 alia,
786 3772 821 3812 ne
836 3756 916 3813 Chri·

126 3851 235 3905 stianus
259 3849 406 3905 abhorreat
428 3850 574 3905 comedere
595 3847 804 3918 Redemptorem
820 3865 913 3916 suurn,

127 3956 177 4006 tte,
194 3942 321 4011 inquam,
338 3942 447 3998 auitnus
468 3943 578 3996 horreat
591 3941 665 4012 quod
690 3943 786 3998 oculus
806 3941 914 3997 cernit:

126 4049 183 4092 nort
199 4036 271 4091 euim
293 4044 336 4090 est
361 4036 389 4089 in
414 4050 464 4090 usu
488 4049 598 4090 earnem
620 4034 733 4090 crudam
753 4035 914 4101 comedere;

126 4127 217 4192 tertia,
235 4142 269 4181 tte
286 4126 405 4181 haeretici
419 4126 583 4180 insultarent
594 4125 684 4190 nohis,
698 4126 818 4182 dicentes
833 4142 840 4179 ε
859 4123 916 4180 Vos

127 4216 272 4273 conteditis
285 4214 431 4270 llontirturn
444 4222 577 4269 testrunt.
592 4211 723 4269 Videmus
735 4219 827 4281 etiam,
842 4214 916 4284 quod

126 4310 252 4380 qltoedam
278 4324 322 4364 res
343 4316 484 4361 mutantur
499 4306 526 4361 itt
548 4306 626 4374 alias,
643 4315 774 4362 ettamen
791 4306 915 4377 quaedanr

965 3404 1044 3459 grum
1066 3399 1092 3444 et
1115 3396 1212 3453 totum,
1230 3388 1302 3443 sicut
1324 3389 1352 3443 in
1377 3389 1489 3459 speculo
1512 3391 1616 3462 integro
1641 3401 1755 3463 apparet

965 3480 1057 3550 aliqua
1069 3481 1158 3551 imago
1168 3489 1195 3534 et
1206 3480 1321 3550 integra,
1335 3494 1368 3535 eo
1381 3490 1471 3534 autent
1487 3479 1584 3547 fracto,
1598 3483 1625 3536 in
1637 3483 1754 3553 singulis

965 3570 1138 3639 portionibus
1161 3571 1255 3626 eadent
1279 3569 1365 3626 larana
1390 3580 1511 3641 apparet.
1533 3572 1654 3628 lliciruus
1670 3573 1754 3629 etiam

965 3661 1039 3731 quod
1055 3661 1107 3715 sub
1130 3661 1176 3714 illa
1204 3662 1302 3731 etigua
1326 3660 1425 3725 loram,
1452 3663 1516 3715 latet
1539 3670 1624 3718 toturn
1650 3664 1754 3720 Christi

965 3770 1077 3823 corpus,
1096 3753 1161 3823 quia
1178 3768 1240 3808 cunt
1254 3754 1310 3822 jain
1329 3753 1364 3808 sit
1381 3754 1571 3820 glutitieatunr,
1586 3763 1669 3811 tantm
1689 3757 1756 3810 sub·

966 3845 1073 3901 tilitatis
1086 3854 1138 3911 est,
1149 3845 1221 3914 quod
1235 3860 1289 3898 nun
1304 3843 1369 3898 lacit
1380 3845 1537 3899 distantiam
1551 3847 1623 3900 acris
1633 3847 1666 3900 ad
1678 3862 1752 3910 aera,

966 3950 993 3993 et
1017 3937 1078 3991 ideo
1092 3938 1115 3969 ⁸⁹
1137 3936 1220 3991 latere
1244 3943 1333 4005 potest
1358 3937 1387 3989 in
1412 3951 1496 4005 parto
1517 3937 1587 4003 loco,
1610 3946 1637 3993 ει
1663 3948 1753 3993 tauron

967 4028 1089 4083 tttemhra
1109 4028 1169 4098 ejus
1184 4027 1311 4083 distincta
1333 4035 1407 4081 suut.
1423 4026 1530 4095 Corpus
1548 4043 1657 4098 quoquc
1673 4045 1754 4083 suurn

966 4121 1109 4199 discipulis
1121 4118 1196 4176 dedit
1208 4119 1272 4186 tale,
1287 4119 1367 4190 quale
1380 4118 1484 4184 hahuit,
1502 4120 1527 4173 id
1542 4127 1584 4173 est
1596 4118 1709 4174 mortale
1720 4119 1755 4185 ⁸⁰;

967 4216 1164 4271 miraculosum
1179 4223 1270 4269 autent
1285 4212 1351 4278 luit,
1363 4212 1437 4282 quud
1452 4226 1552 4280 corpus
1572 4222 1653 4265 tanne
1664 4226 1755 4280 quan-

968 4303 1176 4359 titatisintmrit
1203 4318 1250 4373 per
1272 4318 1303 4357 οε
1327 4301 1496 4356 comedentis
1520 4310 1678 4373 augustuni.
1694 4299 1756 4366 Quo

127 4399 308 4468 proprietates
326 4396 366 4452 rei
385 4405 497 4451 mutatae
522 4404 672 4463 rentanertt,
687 4407 728 4462 ut,
749 4397 860 4467 quando
876 4396 915 4449 ti·
931 4382 1040 4450 Denirn
1057 4396 1189 4451 miraculo
1208 4404 1288 4451 uatus
1308 4403 1351 4450 εει
1367 4393 1461 4450 clauso
1483 4403 1560 4448 utero
1580 4393 1709 4465 Virginis,
1729 4404 1757 4448 et

127 4505 194 4543 num
216 4498 337 4543 mutatur
351 4489 378 4542 in
398 4496 516 4552 acetum,
538 4496 660 4542 remanet
674 4487 711 4541 ibi
729 4487 869 4557 liquiditas
881 4486 914 4541 ⁸⁶.
967 4488 1106 4559 quomodo
1130 4504 1213 4558 super
1235 4503 1322 4558 aquas
1349 4487 1500 4543 stabulavit
1523 4486 1604 4542 siccis
1630 4488 1755 4557 pedihus,

129 4576 187 4633 Sub
203 4577 290 4634 iortna
313 4578 395 4634 utrius
414 4593 486 4648 saepe
505 4578 571 4633 latet
589 4578 653 4642 alia,
670 4579 741 4632 unde
761 4575 917 4647 frequenter
967 4582 1062 4636 eodem
1078 4581 1213 4635 miraculo
1231 4580 1342 4635 intravit
1356 4579 1384 4634 iu
1398 4594 1430 4634 οε
1442 4579 1620 4634 eotnedentis.

128 4672 217 4741 augeli
242 4672 369 4742 leguntur
391 4671 505 4726 latuisse
531 4670 583 4725 suh
606 4670 725 4725 humana
743 4668 844 4736 iornta;
862 4686 917 4725 nou
1004 4668 1127 4727 hierenus
1146 4671 1239 4735 etiant,
1260 4670 1333 4740 quod
1355 4671 1461 4740 siquis
1484 4669 1649 4725 celebrasset
1665 4685 1758 4725 sacra⁴

127 4775 219 4819 tatnen
234 4765 353 4820 humana
368 4762 456 4819 lorma
471 4774 528 4819 erat
543 4766 570 4818 in
585 4764 693 4834 angelo.
709 4761 842 4817 Similiter
856 4777 918 4817 cor·
967 4773 1090 4818 mentum
1125 4764 1297 4819 eucharistiae
1333 4762 1452 4829 horas,
1484 4762 1510 4817 in
1538 4762 1582 4817 die
1612 4764 1758 4833 passionis,

126 4872 180 4927 pus
193 4856 294 4912 Christi
312 4866 354 4912 est
371 4858 398 4910 in
413 4856 503 4921 altari,
520 4855 568 4909 sed
590 4855 641 4910 suh
656 4854 710 4910 alia
729 4853 827 4921 forma,
844 4853 917 4910 scili·
967 4856 1095 4912 Christus
1118 4855 1214 4912 Romae
1231 4856 1353 4911 existens
1387 4865 1525 4925 pateretur
1546 4853 1573 4908 in
1596 4852 1759 4917 ierusalem,

126 4960 172 5005 cet
185 4948 237 5004 suh
263 4947 351 5002 lornta
367 4948 455 5017 panis.
480 4944 514 5002 Ει
536 4946 686 5002 accidentia
701 4961 762 5016 quae
777 4953 919 5000 remanent
967 4948 1017 5004 sed
1032 4965 1087 5003 non
1103 4947 1197 5003 Romae
1210 4958 1359 5019 pateretur,
1373 4948 1445 5003 sicut
1473 4947 1538 5003 dum
1551 4946 1655 5016 aliquid
1667 4944 1761 5013 incipit

126 5049 194 5096 sutrt
205 5039 264 5093 sine
278 5038 455 5108 subicerent
471 5038 636 5103 dictumest,
652 5038 715 5107 quia
734 5036 780 5109 qui
796 5052 828 5092 ea
840 5052 918 5093 crea·
968 5054 1041 5104 esse,
1056 5039 1085 5093 in
1099 5039 1153 5094 hoe
1165 5047 1302 5095 momento
1317 5038 1412 5110 incipit
1424 5053 1494 5094 esse.

125 5133 168 5188 rit
182 5141 213 5187 ut
227 5131 255 5187 in
271 5131 394 5201 subjectu
408 5140 509 5196 essent,
524 5140 613 5199 potest
628 5128 717 5185 iacere
733 5139 762 5184 ut
776 5129 836 5185 sine
850 5128 918 5183 sub·
1007 5128 1044 5186 De
1058 5146 1136 5186 mure
1151 5131 1296 5187 accedente
1305 5131 1339 5186 ad
1350 5131 1480 5202 pixidem,
1492 5128 1609 5184 dicimus
1620 5126 1692 5196 quod
1705 5142 1759 5179 trost

123 5223 199 5296 jecto
216 5224 288 5292 sirtt;
304 5223 377 5296 quod
387 5224 461 5277 enim
474 5223 526 5279 hoc
540 5223 623 5278 modo
637 5222 677 5277 vei
690 5222 743 5277 alio
756 5221 820 5285 sint,
833 5235 848 5274 a
862 5218 918 5274 lico
970 5218 1089 5275 comedit
1109 5234 1210 5289 corpus
1233 5218 1347 5288 Christi,
1368 5220 1415 5277 sed
1433 5220 1550 5274 [ormam
1571 5217 1646 5273 illurn
1671 5216 1762 5291 panis,

772 5333 892 5390 vihtAE
911 5333 1116 5392 LECTth'ES.

164 5462 189 5494 ⁸⁸
203 5459 254 5516 llic
270 5475 363 5515 rursus
371 5458 455 5581 flare
467 5455 565 5508 omissa
583 5463 655 5519 sant,
671 5451 775 5523 punctis
791 5448 953 5504 sitistitutis.
991 5450 1014 5482 ‘⁸
1025 5448 1057 5503 ia
1071 5450 1199 5517 impresso
1209 5446 1542 5530 promaterialisuhjecto,
1552 5448 1762 5519 heleturaliqno

128 5532 265 5601 subjecto.
313 5529 337 5561 ⁸⁸
388 5526 551 5593 nlmpretro
564 5524 655 5577 vitiose
667 5538 714 5591 pro
730 5521 880 5589 liquiditas,
897 5519 1009 5574 habetur
1038 5521 1157 5576 siccitas.
1202 5521 1224 5555 ⁸¹
1245 5520 1279 5575 la
1301 5523 1428 5587 impresso
1452 5520 1563 5573 acrtsia.
1610 5519 1634 5553 ⁸⁸
1653 5518 1686 5574 1„
1712 5522 1756 5575 tm.

128 5618 219 5676 presto
234 5598 475 5674 praestringuntur.
513 5594 536 5626 ⁸⁰
557 5591 590 5676 ln
606 5595 736 5665 imprerrq
747 5606 836 5645 errore
850 5591 1064 5675 crasrolpotritar
1079 5607 1145 5658 nou,
1160 5608 1208 5665 pro
1223 5593 1294 5649 idco.
1332 5591 1356 5623 n
1376 5589 1410 5644 la
1421 5590 1559 5660 inspretto,
1575 5605 1623 5658 pro
1637 5592 1761 5656 tuor-tate,

128 5674 241 5729 hebetum
256 5669 462 5731 miraculosum,
477 5680 527 5718 nort
540 5680 596 5718 rrrre
610 5678 700 5717 eruero
714 5676 810 5716 errore.
1045 5672 1047 5677 ·
1061 5671 1067 5678 ·

292 5765 428 5830 Parnoi..
450 5756 528 5822 CCX
1564 5754 1603 5817 19
