3992 6042
522 210 566 266 ott
584 206 771 267 auttctttts
787 209 996 267 cntttottcm
1016 209 1118 268 athal.
1138 241 1175 256 -
1193 211 1258 272 tta.
1278 213 1324 269 W.

29 334 31 389 6
119 361 1733 396 „Q

663 550 844 638 LIBER
881 551 1174 658 Quantus,

148 874 467 931 Pradicrtioestoratio
487 874 603 929 salutem
631 872 729 928 animae
755 871 812 942 (66)
835 877 933 942 per-h
950 869 1057 925 homini
1081 885 1192 927 carnem
1216 868 1319 926 Christi
1347 874 1561 938 communicare.
1584 891 1645 945 que
1667 891 1731 933 caro

113 968 242 1023 suadens.
254 965 454 1022 Sacramentum
468 975 511 1021 est
525 981 570 1021 res
592 966 708 1020 visibilis
723 964 840 1035 gratiam
853 963 895 1018 in·

113 1059 246 1115 visibilem
257 1073 304 1128 per
315 1058 461 1127 quamdam
473 1057 677 1113 similitudinem
686 1065 894 1128 representans.

112 1148 266 1219 Baptismus
295 1157 337 1204 est
370 1149 474 1203 ablutio
501 1163 580 1219 aqttae
611 1163 661 1218 per
693 1148 894 1203 invocationem

113 1252 213 1296 sanctae
233 1241 375 1296 Trinitatis
402 1241 586 1306 sanctificate,
601 1239 705 1310 peccati
728 1240 894 1297 ablutionem

112 1334 234 1397 manans.
265 1331 438 1386 Eucharistia
462 1343 504 1389 est
535 1341 738 1387 sacramentum
770 1332 895 1400 corporis

110 1423 213 1479 Christi
229 1422 281 1477 sub
291 1424 369 1493 panis
380 1435 407 1478 et
421 1424 477 1478 vini
489 1424 580 1494 specie
600 1423 755 1488 existentis,
768 1437 831 1479 cum
846 1438 895 1492 pa·

110 1511 153 1567 nis
168 1512 197 1566 iu
208 1510 310 1567 Christi
325 1527 447 1579 carnem,
463 1521 490 1567 et
517 1512 611 1567 vinum
627 1512 663 1568 sit
687 1511 849 1566 translatum
866 1511 894 1565 in

110 1599 282 1669 sanguinem.
304 1598 364 1655 Sub
378 1601 429 1656 666
456 1610 546 1656 autem
571 1600 663 1671 specie
690 1608 893 1656 sacramentum

110 1689 162 1746 666
173 1698 217 1745 cst
228 1689 394 1758 institutum,
420 1700 459 1758 ut,
471 1691 702 1764 quemadmodum
716 1693 795 1762 panis
810 1701 838 1747 et
852 1692 895 1747 vi·

109 1797 175 1835 num
191 1789 256 1836 snat
271 1781 421 1851 principale
435 1782 560 1853 conponis
586 1783 759 1849 alimentum,
780 1782 817 1837 ita
832 1797 894 1838 cor-

108 1886 160 1941 pus
171 1872 273 1927 Christi
286 1880 394 1943 estprae
416 1872 523 1928 caeteris
534 1871 633 1929 lortius
644 1874 742 1928 animae
753 1882 893 1929 sustenta·

107 1970 242 2018 mentum.
259 1961 460 2016 Matrimonium
474 1971 516 2017 cst
530 1962 650 2032 legitima
665 1962 823 2033 conjunctio
835 1978 893 2017 ma·

107 2054 145 2109 ris
159 2063 187 2109 ct
201 2053 320 2118 lemine,
333 2052 463 2107 unionem
476 2050 579 2108 Christi
597 2062 624 2107 ct
645 2052 775 2109 Ecclesiae
794 2068 894 2124 666666-

106 2154 230 2201 sentam.
249 2144 408 2198 Paenitentia
425 2151 467 2199 est
492 2157 543 2212 pro
568 2144 689 2213 peccatis
702 2143 842 2209 contritio,
858 2143 893 2199 ab

105 2236 147 2291 eis
160 2249 270 2291 cessare
281 2233 435 2299 intendens,
445 2248 492 2303 per
502 2232 559 2288 oris
569 2233 769 2289 consessionem
783 2248 894 2304 expres-
908 2216 931 2271 Β

107 2339 147 2380 sa.
165 2324 303 2379 dedicatio
321 2323 492 2379 basilicarum
512 2334 556 2380 est
577 2325 606 2378 ln
636 2323 695 2393 ipso
722 2323 818 2378 ordine
839 2324 893 2378 ml·-

107 2411 203 2467 nistris
229 2410 359 2466 Ecclesiae
385 2410 829 2483 6661661666666666116616166·
851 2415 894 2467 in-

108 2502 199 2555 unctio
219 2510 246 2555 et
269 2501 394 2571 quaedam
416 2503 470 2557 alia
491 2518 569 2559 sacra
585 2502 654 2572 (61),
668 2516 730 2571 que
752 2516 801 2570 per
814 2517 892 2558 erer-

107 2591 203 2646 citinm
218 2589 390 2647 devotionem
415 2593 544 2659 excitant,
561 2601 589 2648 et
609 2593 726 2648 reddunt
754 2594 890 2648 hominem

107 2681 283 2736 sanctiorem.
299 2681 419 2738 Ecclesia
429 2692 471 2739 est
482 2685 659 2755 congregatio
673 2683 792 2739 fidelium
803 2684 891 2739 contl-

107 2773 222 2826 tentium
241 2771 397 2840 Christum,
415 2783 442 2828 et
468 2783 704 2830 sacramentorum
724 2775 888 2831 subsidium.

105 2861 126 2916 l.
137 2861 298 2918 Proedicatio
307 2872 333 2918 et
347 2873 513 2919 sacramento
524 2863 651 2919 Ecclesia
661 2864 888 2919 necessariorem.

140 2954 242 3010 Audita
256 2956 328 3010 enim
345 2955 499 3021 efficaciter,
513 2965 541 3012 et
554 2956 612 3011 visa
630 2956 766 3012 efficacius
782 2957 890 3012 animos

105 3053 227 3108 movent,
253 3058 313 3112 quae
338 3044 434 3099 ultima
457 3054 500 3101 est
518 3044 604 3100 animi
628 3054 782 3113 conceptio.
797 3042 890 3111 Quare

105 3131 396 3204 praedicatissimum
415 3131 538 3199 intleetit,
552 3140 579 3187 et
600 3128 698 3185 lortius
708 3138 888 3197 sacramenta,

104 3236 165 3293 quae
182 3231 248 3277 sunt
260 3221 395 3276 exteriora
412 3220 499 3291 signa.
514 3221 545 3274 Et
567 3219 632 3290 quia
644 3218 766 3274 Ecclesia
780 3229 889 3290 propter

104 3310 265 3380 multiplicis
282 3312 385 3382 peccati
398 3310 526 3366 morbum
541 3318 603 3381 eget
625 3309 784 3380 multiplicis
802 3325 890 3365 rente·

103 3401 149 3458 dio
164 3401 319 3467 medicinae,
332 3403 404 3456 sieut
427 3401 558 3456 vicesima
579 3401 674 3469 quinta
700 3399 812 3455 secundi
829 3400 888 3454 libri

102 3494 244 3564 proponit,
265 3504 320 3547 tam
339 3492 430 3548 verbis
444 3507 527 3562 quam
551 3491 638 3562 signis
656 3493 793 3547 excitandi
824 3502 889 3548 sunt

103 3592 264 3654 peccatores
280 3597 363 3637 :nam
377 3582 400 3637 si
414 3596 470 3635 non
486 3592 600 3651 prosunt
611 3581 729 3652 singula,
743 3583 827 3637 nrulta
843 3584 888 3654 ju·

103 3681 169 3731 rant
185 3673 255 3744 (65).
269 3671 341 3743 Ergo
366 3679 394 3727 ct
416 3671 611 3740 predicatione
636 3678 664 3725 et
688 3675 886 3742 sacrantentis;

104 3767 178 3840 qnod
189 3767 363 3838 propositum
378 3773 430 3820 est.

269 3855 301 3912 11.
317 3857 449 3927 Baptismi
461 3872 568 3910 cansam
582 3857 723 3928 inquirere.

139 3947 208 4006 Cum
225 3963 259 4004 ex
271 3963 361 4003 massa
374 3955 505 4016 corrupta
517 3946 593 4000 carni
608 3945 635 3999 in
651 3955 760 4014 peccato
775 3957 890 4015 concep

106 4050 139 4099 te
156 4042 248 4095 anima
269 4040 344 4093 atrito
357 4038 445 4093 labem
460 4036 614 4102 contrahat,
629 4035 714 4105 erigit
733 4035 769 4091 ab
782 4035 834 4091 666
846 4050 889 4092 re·

105 4132 225 4188 mediam
234 4129 383 4185 ablutionis
391 4128 544 4200 spirituale,
552 4128 624 4182 sicut
635 4127 763 4182 vicesima
775 4125 888 4182 secundi

105 4223 166 4277 libri
176 4221 357 4286 convicimus,
372 4234 426 4288 qua
440 4219 539 4274 dieitur
550 4217 624 4288 qttod
641 4219 740 4273 mentis
759 4216 888 4286 inattina·

106 4324 225 4369 mentum
237 4312 373 4367 desiderat
388 4308 462 4364 ablui
483 4318 511 4364 et
528 4309 644 4380 extergi,
660 4309 693 4363 ad
707 4308 779 4378 quod
793 4307 873 4362 tollen

106 4403 168 4458 dum
183 4404 300 4458 interius
320 4400 476 4457 trecessaria
494 4398 547 4454 luit
570 4399 720 4454 ablutionis
744 4399 888 4454 exterioris

106 4494 251 4561 institutio,
269 4508 330 4564 quae
350 4507 398 4563 pcr
413 4490 613 4545 invocationem
643 4496 744 4543 sarrctae
768 4486 888 4542 Trinita-

105 4586 141 4709 pis
166 4586 335 4642 sanetttcata
363 4582 446 4638 habet
469 4581 608 4669 interioris
635 4577 819 4634 mundationis
844 4577 887 4633 cl-

117 4666 216 4712 ectum.

247 4742 290 4798 lli.
308 4742 484 4797 Eucharistiae
495 4756 602 4794 carram
616 4746 744 4792 scrutare.

140 4833 227 4892 llomo
243 4851 292 4906 per
307 4834 387 4890 ludent
401 4842 429 4889 et
443 4830 631 4903 penitentiam
655 4829 689 4884 de
714 4834 826 4898 peccato
842 4840 922 4919 re·D

106 4938 219 4997 surgens
231 4924 332 4981 eliieaci
357 4923 478 4978 remedio
494 4920 642 4991 indigebat,
668 4919 740 4989 quod
768 4917 882 4987 gratiam

106 5015 294 5084 perseverandi
307 5015 334 5069 in
349 5012 422 5068 bono
430 5010 578 5068 conferret.
592 5009 644 5064 Sed
660 5008 734 5062 nulla
750 5006 885 5062 efficacior

107 5116 172 5175 erat,
199 5122 285 5179 qnam
312 5121 377 5161 earo
399 5103 512 5159 Christi.
536 5100 608 5172 Ergo
629 5099 816 5155 necessarium
834 5096 885 5151 ‘uit

151 5300 196 5374 65)
210 5304 277 5361 666.
293 5304 365 5370 Em„
382 5305 474 5357 animi.

151 5376 196 5445 61)
209 5374 277 5430 666.
291 5373 363 5438 Ena,
375 5381 550 5427 sacramenta.

140 5446 196 5514 (65)
213 5445 281 5500 666.
294 5444 456 5508 Gem.,nam
481 5456 602 5512 pannon
626 5445 736 5510 prorant
763 5434 881 5506 ringula,

107 5514 195 5568 maltis
208 5517 294 5570 airam
307 5528 378 5583 erpo,
391 5521 443 5566 cto.

142 5584 196 5652 (66)
211 5584 279 5640 666.
304 5581 392 5649 6666,
407 5580 521 5649 penitas.

946 959 1049 1016 Christi
1061 961 1112 1016 sub
1130 961 1220 1031 speeie
1234 962 1314 1031 panis
1328 972 1356 1018 et
1370 963 1437 1031 vini,
1458 964 1530 1020 sicut
1542 965 1660 1024 institnit
1673 970 1731 1040 ipse

945 1050 1083 1117 Christus,
1099 1067 1114 1106 a
1129 1051 1220 1122 dignis
1233 1066 1374 1124 assumpta
1389 1054 1424 1110 ad
1442 1059 1566 1127 eorporis
1579 1068 1607 1113 et
1633 1062 1731 1117 anima

946 1144 1061 1198 salntem
1077 1143 1224 1214 prosseiens
1238 1144 1340 1201 Cluisti
1355 1147 1479 1202 membra
1492 1147 1573 1204 efficit
1589 1165 1731 1208 assumen-

947 1243 997 1289 tes.
1015 1235 1049 1288 ta
1069 1249 1103 1290 ne
1125 1235 1258 1291 redundet
1270 1237 1297 1290 in
1321 1237 1403 1291 nobis
1424 1239 1539 1306 malitia,
1567 1241 1625 1296 hac
1642 1243 1730 1299 hostia

945 1327 1051 1382 crebris
1062 1338 1104 1382 est
1118 1327 1278 1383 ministeriis
1288 1327 1435 1394 offerenda,
1449 1330 1520 1384 sicut
1530 1331 1636 1387 decimo
1648 1333 1730 1388 tertio

947 1418 1020 1474 tertii
1038 1418 1099 1471 iibri
1111 1417 1275 1473 declaratur.

978 1506 1065 1563 Porro
1077 1508 1105 1562 in
1123 1508 1175 1564 1166
1192 1508 1244 1563 666
1256 1509 1432 1566 decesserunt
1453 1512 1588 1568 universes
1601 1511 1731 1570 Ecclesiae

944 1601 1048 1671 praelati
1065 1609 1129 1670 post
1142 1602 1297 1671 apostolos,
1309 1613 1336 1658 et
1347 1603 1397 1668 illi,
1410 1619 1529 1674 qrtorum
1546 1605 1651 1661 tueritis
1671 1621 1730 1660 ma·

944 1706 997 1761 gna
1011 1697 1039 1745 ct
1055 1691 1180 1747 miranda
1201 1693 1333 1748 miracula
1357 1701 1487 1763 operatus
1504 1703 1546 1750 est
1572 1692 1655 1750 Deos.
1669 1693 1729 1751 ilon

944 1795 1009 1849 ergo
1023 1780 1110 1836 tidelis
1121 1781 1269 1837 abhorreat
1284 1798 1300 1838 a
1324 1782 1439 1839 Domino
1455 1784 1610 1841 institutum
1634 1784 1730 1855 primi-

944 1880 990 1924 tas
1006 1869 1063 1940 (66)
1079 1880 1293 1926 sacramentnm.
1309 1870 1362 1929 Sed
1373 1890 1435 1930 eunt
1459 1876 1493 1930 de
1512 1875 1629 1946 simplici
1648 1890 1729 1945 prece

944 1957 1084 2023 sollicitet,
1097 1968 1136 2024 ut,
1157 1959 1230 2029 quod
1246 1975 1318 2016 nunc
1332 1962 1384 2016 sub
1407 1963 1499 2031 specie
1522 1964 1644 2034 gerimus
1659 1962 1728 2034 (67),

944 2049 972 2103 16
983 2057 1084 2106 aeterna
1099 2049 1185 2119 gloria
1200 2057 1274 2104 certa
1287 2049 1402 2106 scientia
1416 2052 1691 2123 comprehendamus.

1069 2159 1114 2217 tv.
1130 2161 1297 2218 Matrimonii
1319 2179 1428 2227 cansam
1441 2164 1606 2235 itroeatigorc.

979 2253 1021 2310 66
1034 2252 1137 2309 cultum
1144 2253 1285 2325 [leigenus
1298 2254 1448 2310 huntanum
1461 2254 1513 2310 luit
1523 2256 1727 2326 propagandum

944 2342 1146 2414 potiusquam
1171 2344 1263 2400 carnis
1286 2345 1397 2400 lascivia
1425 2346 1634 2416 procreandum.
1651 2345 1728 2402 Unde

944 2437 1087 2492 continere
1101 2435 1257 2493 nolentibus
1272 2439 1408 2494 indultum
1433 2448 1477 2495 est
1501 2438 1554 2495 666
1576 2440 1727 2497 remedium

943 2527 1103 2583 commercii
1120 2527 1254 2583 maritalis
1271 2536 1299 2583 et
1313 2528 1469 2584 commistio
1498 2528 1555 2585 sive
1571 2531 1627 2601 (66)
1658 2547 1728 2588 cou-

941 2618 1049 2689 junctio
1061 2617 1123 2673 talis
1147 2618 1314 2688 perbonam
1329 2619 1500 2674 matrimonii
1515 2628 1672 2687 excusetur,
1697 2629 1729 2678 ut

942 2711 1035 2780 agnita
1049 2710 1188 2780 parentela
1203 2711 1446 2780 intereonjunctos
1470 2711 1541 2766 linea
1562 2713 1728 2783 consangui-

943 2799 1038 2853 nitatis
1052 2807 1151 2869 augeat
1164 2797 1336 2863 alteritatem,
1352 2808 1379 2853 ct
1395 2799 1434 2854 ita
1456 2799 1580 2870 corporis
1594 2799 1727 2871 lragilitas

941 2887 1111 2953 sublevetur,
1131 2887 1203 2942 sicut
1216 2887 1348 2943 vicesimo
1368 2888 1448 2944 tertio
1463 2890 1576 2945 secundi
1587 2890 1649 2946 libri
1661 2904 1727 2962 pro·

940 2978 1060 3047 positum
1076 2986 1128 3032 est.

968 3156 970 3161 Ι
1100 3086 1132 3142 V.
1156 3086 1325 3145 Paenitentia
1335 3105 1445 3145 canaam
1458 3092 1565 3147 amare.

979 3179 1048 3233 Cum
1063 3177 1153 3232 virtus
1168 3177 1294 3249 baptismi
1325 3178 1462 3249 baptizato
1475 3181 1659 3236 characterem
1672 3180 1725 3234 irn-

940 3269 1043 3338 primat
1056 3266 1254 3333 Christianum,
1273 3269 1320 3337 qui
1338 3269 1414 3322 ottilo
1440 3269 1521 3325 modo
1532 3278 1621 3339 potest
1641 3270 1726 3326 obiit·

941 3357 1024 3412 tcrari
1041 3363 1119 3411 reato
1137 3355 1294 3411 incurrente
1322 3355 1446 3411 criminis
1472 3356 1602 3422 recidivo,
1630 3371 1726 3426 soper-

941 3467 1046 3507 vacuus
1057 3458 1130 3506 esset
1145 3449 1297 3520 baptismus
1312 3450 1439 3505 iteratus.
1456 3447 1524 3504 Nam
1539 3459 1631 3507 actum
1644 3465 1726 3521 agera

902 3538 1023 3611 Cesset,
1049 3542 1083 3610 si,
1110 3540 1184 3611 qood
1197 3539 1474 3607 habethrist'anus‚
1494 3541 1591 3595 iterum
1608 3541 1633 3596 ei
1658 3556 1726 3596 con·

940 3632 1069 3701 terretur,
1085 3634 1167 3689 etsie
1182 3632 1281 3703 iniuria
1298 3632 1375 3687 lieret
1399 3622 1581 3688 sacramento.
1597 3631 1725 3702 Opas-tuit

939 3742 1004 3795 ergo
1025 3736 1055 3781 ot
1084 3734 1147 3795 post
1179 3725 1344 3793 baptismum
1366 3723 1471 3794 lapsos,
1500 3723 1582 3777 corde
1606 3725 1724 3781 contrito

939 3815 1026 3871 Deum
1048 3825 1075 3870 et
1090 3829 1139 3869 ore
1153 3815 1291 3869 homiuem
1304 3814 1485 3881 consulendo,
1494 3813 1614 3868 recidivo
1626 3815 1724 3870 morbo

940 3906 1081 3960 adhiberet
1106 3905 1271 3974 penitentia
1294 3904 1470 3969 medicinam,
1499 3903 1572 3959 sicot
1589 3904 1722 3961 vicesimo

938 3997 1020 4053 tertio
1033 3996 1146 4051 secundi
1161 3994 1225 4050 libri
1238 3995 1411 4067 proponitur.

939 4107 984 4165 111.
1008 4109 1198 4180 atatrtpttcmm
1212 4110 1240 4163 in
1253 4109 1372 4165 Ecclesia
1390 4120 1615 4166 sacramentorum
1626 4128 1722 4167 caetras

1168 4180 1327 4251 multiplicer
1351 4181 1492 4251 explicare.

972 4273 1013 4328 hd
1027 4279 1119 4328 reatus
1147 4271 1289 4338 delendos,
1304 4273 1337 4327 ad
1352 4271 1567 4330 confirmandum
1582 4276 1721 4332 hominem

937 4365 965 4419 in
982 4365 1066 4431 botro,
1083 4363 1117 4418 ad
1132 4361 1288 4433 fragilitatis
1301 4364 1462 4431 remedium,
1475 4366 1509 4420 ad
1521 4367 1637 4436 gratiam
1652 4382 1720 4423 con·

937 4454 1348 4519 (66666666,6166666166661,
1369 4457 1493 4525 tpumdrtm
1521 4457 1631 4513 inventa
1656 4468 1721 4515 sunt

936 4557 1119 4614 sacramenta,
1135 4547 1207 4602 sicut
1219 4546 1350 4602 vicesima
1364 4548 1444 4603 tertia
1457 4550 1568 4604 secundi
1580 4551 1641 4605 libri
1656 4567 1721 4622 pro-

935 4641 1022 4710 ponit.
1049 4637 1196 4709 Propterea
1216 4638 1273 4709 (66)
1288 4649 1316 4694 et
1329 4653 1472 4710 personas,
1492 4655 1554 4711 quoe
1576 4642 1721 4698 conferunt

935 4747 979 4800 ea,
1001 4732 1114 4797 etiosa,
1134 4731 1276 4802 inquibus
1293 4730 1590 4796 conseranensem
1615 4731 1680 4787 insu
1688 4748 1721 4786 u·

936 4835 1039 4889 menta,
1075 4832 1131 4879 tarn
1153 4823 1254 4893 quibus
1271 4832 1396 4888 utuntur,
1423 4837 1505 4893 quant
1535 4822 1636 4893 quibus
1661 4821 1718 4893 (76)

935 4931 968 4971 66
995 4914 1162 4978 euthicium,
1198 4923 1381 4984 opportunum
1412 4912 1501 4969 luerat
1539 4911 1715 4968 consecrari:

935 5014 963 5059 et
994 5005 1034 5060 sic
1056 5004 1122 5060 utile
1152 5002 1203 5058 iuit
1224 5011 1424 5059 sacramentnm
1450 5002 1589 5072 multiplex
1611 5000 1716 5055 instru-

936 5109 996 5149 rare
1008 5093 1077 5165 (71).

973 5291 1030 5361 (67)
1048 5291 1116 5347 666.
1139 5291 1211 5356 Eur..
1232 5308 1302 5346 nnuc
1318 5307 1386 5362 rape
1397 5292 1521 5363 perimite.

983 5361 1029 5426 68)
1042 5362 1111 5415 Cori.
1123 5359 1213 5425 Genu,
1228 5363 1282 5416 etti.

982 5431 1028 5501 66)
1050 5428 1118 5484 666.
1132 5428 1204 5495 Ean,
1216 5438 1344 5499 praterea

891 5544 892 5551 ,
981 5499 1025 5565 76)
1043 5500 1110 5554 666.
1128 5496 1219 5563 6666..
1231 5515 1264 5553 ex
1278 5500 1381 5569 quibus,

981 5569 1025 5637 71)
1040 5567 1092 5634 lb„
1107 5576 1256 5623 restaurant
