3992 6042
119 207 175 268 825
508 208 773 266 bistrucutoues
790 208 980 267 Dtuuorllitt
1000 210 1125 270 illudi.
1143 243 1179 256 -·
1197 212 1342 271 itis-tic
1689 221 1742 280 828

151 322 259 390 Jttttttt,
273 324 393 396 proprie,
408 326 543 382 excedens
561 327 709 397 justitiam,
729 329 801 385 uode
822 327 902 385 Solo·
917 332 942 393 Δ
955 329 1094 399 Ecclesiae,
1105 332 1177 390 uude
1191 333 1219 389 in
1231 332 1358 392 Psalmo:
1376 334 1413 391 Tu
1424 351 1461 402 et,
1474 336 1593 408 Domine,
1609 355 1666 411 spes
1684 359 1743 402 nun

117 432 182 471 mon
203 415 231 470 in
245 415 422 473 Proverbiis:
438 416 502 471 Noli
519 434 576 473 esec
593 420 672 475 nimir
683 420 783 491 iustus.
799 420 905 478 Dicitur
954 440 971 477 o
979 423 1117 493 iuuentute
1135 440 1203 494 meo,
1219 425 1245 480 id
1266 436 1318 493 est,
1332 443 1365 483 cx
1388 445 1444 499 quo
1470 439 1601 487 renovata
1616 448 1678 489 sum
1692 419 1742 506 per

117 504 200 570 Deus,
214 508 286 563 uude
301 506 328 563 in
338 507 447 565 Psalmo
460 528 468 564 :
483 508 578 566 luctus
594 511 721 566 Dominus
742 523 767 569 ct
779 513 903 583 justitior
953 515 1154 588 gratiam,dicit
1166 515 1298 574 Ecclesia.
1313 517 1418 575 Dicitur
1431 522 1571 578 conlidens
1580 531 1608 579 et
1619 538 1742 598 preceps

115 599 223 666 dilexit,
240 603 394 672 opusenim
408 600 510 670 iustum
521 603 622 660 dicitur
632 604 735 674 justus,
750 616 803 663 etc.
950 607 1059 680 juvenis
1071 609 1185 666 audacia
1197 625 1260 680 quae
1273 610 1342 668 solet
1358 627 1420 669 esse
1441 614 1469 669 in
1489 614 1654 687 juvenibus;
1670 620 1743 676 undo

149 690 270 759 iunonis,
283 692 515 763 proprie,dicitur
533 703 683 752 renouatus
702 712 750 767 per
774 698 901 770 gratiam,
953 699 981 755 in
1006 699 1144 756 Psalmo:
1168 700 1271 758 Delicta
1293 703 1439 773 iuuentutis
1469 722 1552 774 men,
1573 709 1600 764 irl
1627 719 1687 778 est,
1708 728 1743 767 nc

115 784 189 840 unde
200 786 227 840 in
241 784 350 842 Psalmo
366 804 374 842 r
388 785 501 845 iuuenca
513 796 538 844 ct
550 790 675 859 uirgines,
688 799 742 846 ete.
952 807 1045 849 serres
1059 793 1093 848 ad
1108 793 1255 850 uindictam
1270 805 1430 867 perpetuam
1444 796 1541 853 delicto
1555 800 1657 870 quibus
1669 801 1742 858 niani

151 873 290 942 iuuentus,
306 876 426 948 proprie,
443 878 582 935 innovatio
591 880 725 936 virtutum
740 882 782 938 vei
800 892 902 939 aetenra
952 884 1088 955 equitatis
1102 885 1248 956 dereliqui
1259 887 1407 956 irruentutia
1422 905 1496 951 mete,
1506 889 1532 945 id
1547 899 1590 947 est
1602 891 1743 948 corriden-

115 964 294 1036 gloriiicatio;
309 969 382 1024 unde
391 969 419 1025 itt
433 968 561 1026 Psalmo:
575 971 753 1028 Renooobitur
764 985 793 1029 ut
804 975 903 1046 contin
953 975 988 1031 tis
1005 987 1031 1031 et
1046 976 1194 1048 praecipitis
1213 978 1334 1034 audaciae
1348 994 1425 1035 mete.
1442 978 1547 1036 Dicitur
1557 982 1640 1036 etiam
1654 990 1743 1037 sutus

110 1069 237 1128 iurentur
260 1068 316 1113 too.
345 1058 451 1116 Dicitur
474 1062 582 1117 initium
604 1062 748 1131 Ecclesiae,
774 1067 847 1121 unde
872 1068 901 1121 in
953 1075 1017 1121 ante
1030 1067 1251 1135 conversionem,
1266 1068 1339 1125 unde
1360 1070 1400 1126 sic
1413 1079 1503 1141 potest
1515 1073 1615 1143 exponi
1630 1071 1742 1142 praeiata

114 1150 224 1207 Psalmo
239 1171 246 1208 :
262 1150 337 1222 Sapo
351 1166 563 1224 ccpuprrnucrunt
582 1172 621 1210 nrc
640 1175 656 1211 u
675 1159 815 1227 iuuentute
833 1175 900 1215 meu.
952 1157 1112 1223 auctoritas,
1129 1158 1229 1215 delicto
1239 1160 1387 1229 iuuentutis
1401 1178 1476 1230 mete,
1493 1163 1520 1220 id
1546 1172 1587 1221 est
1605 1179 1667 1235 quae
1689 1164 1741 1224 ieci

97 1240 254 1320 'Daecsunt
264 1244 346 1299 rerba
359 1241 488 1300 Ecclesiae
502 1246 639 1316 loquentis
655 1248 689 1303 de
703 1248 903 1319 persecutioni·
952 1248 1043 1305 adlruc
1057 1247 1152 1304 virens
1172 1249 1201 1305 in
1220 1249 1304 1306 domo
1322 1252 1408 1323 patris
1430 1254 1495 1322 mel,
1511 1254 1616 1314 scilicet
1629 1257 1741 1313 diaboii.

114 1333 168 1390 bus
182 1334 241 1390 suis
252 1334 280 1388 in
293 1334 366 1391 hunc
380 1335 502 1392 modum.
528 1335 603 1407 Soepc
620 1350 832 1410 expugnaverunt
850 1357 899 1405 me,
952 1338 1060 1394 Dicitur
1080 1340 1212 1411 originale
1224 1351 1366 1411 peccatum
1380 1343 1454 1416 quod
1468 1345 1494 1400 in
1515 1347 1646 1417 parvulis,
1671 1351 1743 1406 unde

114 1426 170 1482 troc
181 1426 247 1482 dicit
261 1442 311 1496 pro
323 1427 474 1498 frequentia
489 1430 665 1498 passionnnt3
679 1440 706 1489 et
718 1434 770 1489 boc
782 1449 798 1486 n
806 1432 903 1502 iuucn·
952 1440 1018 1489 tunc
1032 1433 1072 1488 sic
1085 1440 1174 1503 pensi
1190 1434 1290 1502 exponi
1304 1435 1418 1506 praeiata
1439 1437 1592 1494 auctoritas
1609 1457 1617 1493 ε
1639 1438 1742 1496 Delicta

116 1528 173 1574 tute
188 1536 257 1584 naen,
275 1521 403 1576 sciliceta
417 1522 506 1592 primo
530 1531 650 1594 tempore
664 1526 752 1581 aetatis
771 1525 849 1592 Abel,
861 1526 902 1582 vi·
948 1522 1095 1593 iuuentutis
1113 1540 1189 1591 men,
1204 1525 1230 1580 id
1244 1534 1287 1582 est
1300 1526 1435 1599 originale
1447 1538 1588 1600 peccatum
1604 1530 1677 1601 quoti
1699 1539 1743 1588 est

113 1609 214 1665 delicet
223 1611 372 1681 aliquando
383 1611 503 1668 Ecclesia
516 1615 543 1669 'tn
556 1615 617 1670 solo
629 1615 695 1671 toci
710 1626 737 1672 ει
746 1628 901 1690 expugnata
952 1617 980 1672 in
992 1617 1126 1686 parvulis,
1145 1619 1355 1687 narrentanis,
1375 1618 1404 1675 id
1425 1629 1477 1689 esi,
1502 1636 1537 1682 ne
1559 1637 1685 1682 reserves
1707 1623 1741 1679 ad

114 1708 184 1755 csta
198 1699 282 1755 iratre
297 1717 348 1757 suo
362 1703 435 1758 malo
446 1715 473 1758 et
490 1703 682 1774 perditoCain.
692 1704 796 1763 Dicitur
813 1714 902 1764 sutus
952 1718 1083 1764 aeteruam
1099 1708 1242 1765 ultionem.

899 1918 953 2030 Ta

70 2189 74 2194 .
150 2140 405 2212 baliumpropric,
417 2143 600 2211 lavatorium;
619 2143 691 2200 uude
707 2143 736 2199 iu
746 2141 838 2199 Veteri
851 2143 904 2199 Te·
955 2161 1063 2211 etcom;
1078 2155 1106 2202 et
1126 2144 1192 2202 aiibi
1211 2162 1219 2201 :
1241 2145 1327 2213 Queri
1349 2147 1428 2204 ruodo
1450 2149 1533 2221 geniti
1551 2149 1678 2222 inianter,
1699 2153 1742 2209 loc

113 2242 250 2294 stamento
276 2234 310 2290 de
332 2234 480 2292 Salomone
501 2236 600 2307 legitur
616 2237 690 2308 qrrod
706 2236 809 2292 labium
824 2237 901 2304 iecit,
955 2237 1141 2308 concupiscite.
1162 2235 1269 2293 Dicitur
1280 2234 1364 2293 Vetus
1377 2235 1592 2308 Testamentum,
1607 2242 1680 2311 quod
1693 2240 1742 2297 Ju-

113 2326 142 2382 ld
152 2335 194 2382 est
208 2327 388 2394 lavatorium
403 2338 429 2382 ct
443 2328 586 2384 dicebatur
596 2329 710 2396 labium,
724 2329 788 2399 quia
806 2328 834 2384 in
859 2330 902 2384 in·
954 2329 1022 2385 daeis
1036 2329 1116 2400 quasi
1132 2327 1254 2399 parvulis
1271 2337 1314 2386 est
1329 2329 1433 2397 dotum,
1446 2331 1518 2388 unde
1531 2331 1559 2387 in
1572 2330 1652 2388 Cant.
1667 2352 1675 2390 r
1688 2331 1742 2389 lici

113 2418 197 2473 troitu
217 2417 334 2475 iormam
349 2416 413 2474 labii
427 2420 507 2475 babet
520 2419 562 2475 rel
584 2420 687 2475 babere
701 2420 837 2477 rideatur.
852 2417 901 2474 Di·
953 2428 979 2475 ct
990 2419 1034 2474 loc
1046 2419 1095 2474 tui
1110 2419 1204 2492 linguon
1217 2429 1276 2489 tuo,
1293 2420 1387 2489 idest,
1403 2431 1431 2478 tu
1451 2422 1594 2480 scientiam
1610 2425 1695 2482 babes
1708 2427 1743 2482 do

113 2512 185 2570 citur
199 2511 311 2577 idioma,
326 2512 390 2584 quia
399 2523 442 2568 est
453 2513 665 2569 instrumentum
681 2514 813 2584 loquelae;
829 2512 901 2569 unde
954 2509 1047 2567 Veteri
1057 2509 1233 2568 Testamento
1244 2526 1294 2583 pcr
1307 2511 1351 2569 lac
1367 2512 1495 2584 ligurato,
1514 2526 1542 2572 et
1557 2515 1592 2572 de
1604 2513 1681 2572 Novo
1693 2530 1743 2589 per

112 2602 142 2657 in
156 2602 254 2658 Genesi
268 2602 367 2674 legitur
380 2604 454 2674 quod
471 2605 498 2660 in
510 2604 689 2661 aedillcatione
706 2604 792 2660 turris
810 2602 902 2675 Baby-
953 2607 1008 2661 mei
1028 2605 1182 2678 significato
1204 2616 1316 2680 propter
1337 2607 1510 2665 dulcedinem
1531 2608 1636 2681 gratie.
1660 2607 1743 2665 Notat

112 2691 185 2749 ionis
199 2703 384 2751 omneserarrt
397 2696 479 2751 unius
492 2696 569 2764 labii,
581 2697 608 2753 id
629 2703 671 2754 εει
684 2697 768 2754 utrius
786 2696 902 2753 idioma·
953 2698 1150 2755 abundantiam
1177 2700 1369 2771 temporalium
1392 2698 1421 2755 in
1447 2698 1561 2756 Exodo:
1575 2699 1650 2756 Dolo
1670 2699 1743 2757 coila

2 2851 3 2862 χ
113 2787 159 2844 tis.
176 2787 209 2843 lit
223 2788 251 2844 in
268 2787 407 2845 Theodolo
420 2806 428 2845 r
441 2789 569 2861 Confusio
588 2792 618 2861 iit
639 2791 780 2847 loliorum.
799 2790 902 2847 Dicitur
953 2798 1053 2846 terrum
1070 2791 1195 2860 pluentem
1215 2790 1294 2848 locet
1313 2790 1376 2857 nel,
1389 2790 1418 2846 id
1437 2798 1480 2848 cst
1494 2791 1658 2849 victualibus
1671 2806 1742 2863 opu·

2 2947 3 2962 ¹
112 2881 238 2950 verbum,
255 2883 329 2938 unde
344 2883 371 2938 iu
386 2882 517 2941 Psalmo:
532 2882 673 2950 Dicpcrdot
688 2883 818 2938 Dominus
837 2883 900 2936 uni·
951 2880 1064 2937 lentam.
1081 2880 1187 2937 Dicitur
1201 2880 1387 2938 manifestatio
1400 2883 1558 2952 amstolicae
1569 2882 1743 2955 pradicatio·

113 2988 187 3027 ocrea
215 2973 287 3028 iulio
310 2976 412 3031 doloso.
438 2974 504 3031 item
529 2974 642 3030 :intio
666 2984 758 3030 nostru
781 2991 798 3029 o
825 2973 900 3027 nobis
953 2974 1006 3040 nis,
1032 2972 1105 3028 undo
1124 2972 1151 3027 in
1167 2970 1271 3028 Threu.
1286 2990 1294 3027 t
1311 2972 1486 3030 Candidioret
1502 2976 1574 3042 nice,
1603 2974 1742 3030 nitidiores

2 3079 3 3146 ᾗ
113 3077 193 3130 cunt,·
221 3065 259 3120 iili
272 3067 319 3136 qui
333 3067 430 3122 dolose
443 3067 594 3136 loquuntur
614 3066 686 3121 labia
708 3066 848 3121 dicuntur.
869 3028 935 3122 iit(¹
952 3063 1032 3130 inctc,
1051 3062 1249 3118 rubicundiores
1271 3062 1347 3118 ebore
1367 3065 1486 3135 antiqno.
1512 3064 1565 3120 Per
1595 3065 1742 3122 candorem

2 3221 3 3230 χ
113 3158 150 3213 iii
162 3157 234 3211 lubin
243 3157 346 3226 doloso,
358 3157 384 3213 id
395 3166 437 3214 εει
448 3158 499 3228 ipsi
511 3158 658 3215 existentes
671 3157 770 3224 dolosi,
783 3160 809 3211 in
824 3158 902 3213 corde
952 3156 1033 3211 lactis
1047 3152 1233 3211 maniiestatio
1243 3154 1447 3224 predicationis
1461 3156 1628 3212 insinuatur.
1638 3156 1743 3213 Dicitur

112 3257 139 3304 ct
156 3248 243 3313 corde,
258 3248 338 3305 idest
348 3249 448 3320 duplici
460 3249 552 3315 corde,
577 3250 659 3305 locuti
672 3260 744 3304 erint.
769 3249 903 3305 Dicuntur
952 3242 1088 3299 infantilis
1100 3252 1178 3307 etat.
1193 3242 1266 3298 undo
1280 3242 1314 3298 ad
1328 3240 1463 3298 llcrnucrn
1478 3243 1579 3298 dicitur
1591 3242 1678 3330 {Non
1695 3259 1743 3299 co·

112 3341 262 3412 prophete,
278 3340 349 3395 unde
369 3339 396 3393 ln
414 3339 546 3396 Psalmo:
564 3338 597 3393 Et
620 3356 679 3411 pun
705 3340 850 3410 procedunt
870 3341 902 3396 dc
951 3353 1015 3408 puer
1034 3336 1140 3391 iroedmn
1154 3336 1184 3389 in
1205 3334 1275 3391 lactc
1299 3337 1394 3390 matria
1408 3351 1475 3399 rute,
1493 3334 1520 3391 id
1537 3343 1579 3391 εει
1596 3350 1651 3391 non
1667 3336 1743 3391 occi·

114 3430 194 3485 lniilc
206 3432 271 3486 mels
285 3447 338 3484 rron
350 3431 451 3500 inciam
465 3431 556 3488 irrito.
573 3429 678 3486 Dicitur
689 3432 815 3502 populus,
830 3431 903 3488 unde
952 3427 1001 3484 des
1030 3425 1172 3482 Christum
1201 3441 1251 3496 per
1274 3425 1381 3481 lraedunr
1410 3424 1612 3498 signiticatum3
1636 3425 1743 3481 inlucte

115 3522 144 3576 in
158 3520 268 3576 Psalmo
280 3539 286 3575 :
297 3520 353 3575 Nec
367 3522 762 3577 mcmorcrononrluunreorum
773 3539 819 3592 pcr
831 3521 903 3577 lobio
952 3520 1048 3574 matria
1067 3534 1134 3583 auce,
1153 3517 1180 3573 id
1199 3526 1241 3573 est
1262 3515 1381 3572 iniantili
1404 3525 1493 3572 aetate.
1510 3515 1558 3572 Vel
1575 3517 1612 3572 ibi
1631 3533 1680 3588 per
1700 3516 1744 3574 iao

115 3626 185 3674 meu,
202 3610 227 3664 id
244 3619 286 3665 est
298 3625 346 3681 per
360 3610 499 3681 apostolos
519 3626 567 3679 per
584 3625 655 3680 quos
674 3611 795 3682 loquitur
820 3611 901 3668 Deus.
953 3608 1124 3679 significatur
1137 3617 1280 3679 peccatum
1295 3608 1370 3679 quod
1390 3617 1507 3664 amatre
1520 3609 1744 3678 conccupiscentia

115 3697 163 3754 Vel
176 3699 246 3756 labia
259 3698 389 3754 dicuntur
401 3698 456 3754 duo
468 3698 642 3754 Testamenta
656 3714 717 3768 qrrae
728 3700 755 3753 in
770 3713 824 3753 uno
838 3713 902 3754 con·
953 3700 1083 3766 trabitur,
1098 3700 1170 3755 unde
1189 3700 1230 3756 sic
1246 3708 1337 3767 potest
1357 3700 1458 3769 erponi
1474 3717 1481 3753 ε
1503 3697 1565 3753 lion
1579 3715 1672 3770 coques
1687 3703 1744 3756 iot·

115 3799 225 3859 sonant,
241 3790 341 3861 quibus
352 3790 507 3846 uoluntates
526 3804 622 3845 eorum
647 3788 840 3853 ostenduntur,
855 3789 903 3844 sed
953 3792 1029 3859 dum,
1042 3791 1069 3847 id
1084 3800 1135 3858 est,
1151 3804 1206 3846 non
1221 3789 1332 3859 ‚iouebis
1351 3799 1522 3860 peccatorem
1536 3805 1585 3860 pcr
1603 3789 1744 3845 adulatio-

116 3898 168 3939 nec
183 3882 299 3952 apostoli
314 3897 365 3938 nec
377 3881 552 3938 Testamenta
566 3880 669 3938 sanctis
684 3879 904 3949 minanturiurli·
954 3898 1016 3940 nem
1033 3884 1060 3939 in
1074 3892 1186 3955 peccato
1202 3897 1262 3939 suo.
1277 3881 1325 3937 iel
1339 3880 1441 3937 iudicis
1454 3882 1612 3952 praecipitur
1624 3896 1658 3937 oe
1672 3882 1744 3937 occi·

116 3975 200 4030 cium.
220 3973 353 4029 Dicuntur
375 3973 578 4043 predicatores,
593 3970 664 4026 unde
681 3971 709 4025 iu
731 3970 810 4025 Cant.
825 3988 831 4023 :
849 3969 904 4026 Fu·
954 3974 1021 4030 darii
1036 3973 1176 4030 Christum
1194 3973 1225 4028 iu
1243 3972 1287 4029 die
1302 3971 1489 4043 conceptionis
1509 3981 1613 4038 sute,el
1628 3979 1743 4027 uocatur

116 4082 163 4122 tris
178 4064 316 4119 distillans
328 4065 401 4119 ialin
416 4074 473 4132 tuo,
486 4071 539 4119 etc.
954 4063 996 4120 lac
1008 4063 1067 4121 dies
1084 4062 1271 4133 conceptionis
1279 4059 1393 4117 Christi.
1409 4057 1449 4114 Dr
1464 4073 1520 4129 qrto
1534 4072 1602 4128 puer
1622 4057 1744 4127 concipi·

151 4155 249 4223 Labor,
265 4157 385 4227 proprie,
411 4156 567 4223 tribulatio;
580 4154 653 4212 uude
671 4156 697 4210 iu
721 4154 853 4210 Psalmo:
872 4152 903 4208 in
954 4162 1010 4222 tur,
1027 4154 1069 4209 iac
1082 4153 1110 4207 in
1129 4151 1258 4207 mamillis
1275 4150 1423 4220 recipitur;
1443 4160 1486 4204 est
1499 4162 1565 4218 ergo
1583 4161 1682 4203 sensus
1699 4144 1744 4204 :0

116 4248 206 4306 loborc
227 4248 362 4302 bominum
381 4264 433 4303 non
454 4256 526 4303 sunt.
547 4247 652 4302 Dicitur
674 4245 778 4303 iructus
801 4246 904 4304 laboris
953 4244 1056 4312 luiae,
1072 4261 1124 4300 raon
1138 4259 1230 4315 coprus
1239 4242 1356 4311 indum,
1371 4242 1400 4298 itl
1413 4249 1456 4297 est
1467 4255 1523 4297 non
1540 4238 1650 4298 occides
1661 4238 1743 4296 ctri-

117 4340 174 4396 sive
192 4339 327 4394 laboriosa
350 4340 482 4409 operatio,
504 4339 575 4393 unde
594 4339 621 4392 iu
643 4338 774 4395 Psalmo:
789 4337 903 4393 Labores
920 4350 1027 4421 „stum
1044 4339 1070 4392 in
1082 4337 1127 4394 die
1138 4335 1326 4407 conceptionis
1336 4349 1405 4391 suae.

116 4446 242 4487 mortuum
263 4440 368 4484 tuorum
382 4431 445 4500 patio
463 4429 646 4496 motiunculis,
661 4440 713 4484 etr.
732 4428 835 4483 Dicitur
849 4428 903 4482 ini·
991 4431 1132 4502 Lucrpntu,
1154 4428 1274 4500 proprie.
1286 4425 1440 4482 amaritudo
1465 4425 1648 4496 poeniletrtiae;
1671 4424 1744 4480 unde

116 4523 218 4590 petitas,
234 4520 401 4577 undenario
416 4538 423 4574 :
441 4519 494 4576 sat
510 4520 602 4590 lingua
616 4521 674 4591 cius
688 4517 765 4573 iobor
779 4528 803 4571 et
817 4519 903 4586 dolor,
956 4522 1041 4578 David
1055 4540 1062 4575 t
1078 4520 1214 4591 Lucrpmis
1229 4521 1295 4574 nteit
1318 4528 1431 4574 stratum
1447 4534 1533 4574 nteunt
1554 4518 1658 4590 rigabo.
1671 4515 1745 4572 Dici·

119 4610 145 4664 id
158 4621 200 4666 est
211 4612 342 4680 iniquitas
356 4621 383 4666 et
396 4611 542 4682 pernicies.
555 4611 659 4667 Dicitur
669 4609 798 4681 cogitatio
814 4608 847 4663 de
865 4610 906 4664 la·
956 4623 1001 4670 tur
1029 4611 1188 4684 poerritentia
1214 4612 1273 4674 sire
1297 4610 1377 4665 dolor
1396 4610 1431 4666 de
1453 4619 1585 4681 peccato,
1612 4607 1686 4665 unde
1716 4607 1744 4662 iu

119 4699 183 4762 irore
195 4710 350 4758 sanctorum
364 4720 372 4770 ;
388 4702 471 4766 unde,
490 4702 640 4757 secundum
659 4700 739 4757 alium
756 4697 905 4769 cxprsitto-
955 4702 1084 4758 Psalmo:
1099 4701 1217 4756 Fuerunt
1238 4701 1304 4756 miii
1321 4700 1448 4770 iocrgrnre
1468 4717 1533 4757 nteoe
1545 4716 1636 4772 pann,
1653 4701 1678 4755 id
1702 4708 1745 4756 est

119 4807 199 4847 nem:
216 4792 371 4864 Suilinpuo
386 4794 443 4863 cius
459 4793 534 4848 lnior
549 4800 575 4846 ct
596 4791 682 4860 dolor,
697 4794 724 4848 id
738 4792 906 4861 est,cogita·
955 4794 1035 4850 dolor
1057 4808 1107 4864 pro
1129 4793 1249 4864 peccatis
1277 4790 1332 4847 iuit
1353 4791 1421 4846 mibi
1444 4791 1594 4862 spiritualis
1618 4790 1742 4847 reiectio.

119 4881 208 4940 tiones
219 4882 279 4953 rjais
294 4893 358 4940 sunt
374 4886 408 4941 de
423 4885 516 4940 labore
535 4891 704 4939 sanctornm.
722 4883 826 4940 Dicitur
839 4897 906 4940 eon·
956 4885 1061 4942 Dicitur
1074 4885 1216 4941 tribulatio
1228 4885 1285 4940 sire
1297 4883 1377 4941 dolor
1388 4884 1432 4940 rel
1445 4885 1566 4951 miseria,
1579 4884 1644 4954 qrria
1658 4881 1745 4953 iacry-

118 4977 205 5043 tritio,
220 4976 292 5031 unde
304 4975 408 5032 David:
424 4975 557 5032 Luiorooi
572 4977 600 5031 in
611 4977 718 5047 gemitu,
733 4985 786 5031 etc.
956 4995 1017 5034 mas
1029 4978 1156 5049 producit
1170 4977 1205 5033 ab
1220 4976 1316 5044 oculo;
1329 4975 1402 5032 unde
1420 4975 1448 5031 in
1462 4975 1593 5045 Apostolo
1607 4991 1615 5025 a
1634 4972 1745 5027 Abster-

154 5065 299 5134 Lciornrc,
312 5069 432 5139 proprie,
447 5070 596 5138 poenitere,
610 5068 681 5124 unde
695 5068 721 5124 in
737 5066 883 5136 Evangelio
896 5082 904 5120 ε
956 5078 998 5141 pct
1012 5069 1082 5124 Deus
1098 5084 1200 5123 omnent
1220 5067 1377 5138 lacrymum.
1395 5065 1499 5121 Dicitur
1516 5063 1606 5129 iletrrs,
1621 5062 1695 5118 unde
1715 5063 1746 5118 in

124 5159 216 5216 Venite
228 5160 263 5214 od
278 5175 329 5226 nte,
343 5176 431 5216 omnes
448 5164 493 5234 gui
513 5162 642 5218 luiorntis
660 5170 686 5216 et
708 5161 812 5216 onerati
830 5160 904 5216 cetis.
955 5161 1005 5216 lib.
1031 5159 1095 5231 iieg.
1113 5177 1120 5214 ι
1137 5157 1234 5213 Audiui
1258 5158 1403 5228 locrgnturn
1427 5164 1512 5218 tuam,
1536 5153 1564 5208 id
1587 5159 1629 5209 est
1649 5152 1744 5210 lictum

119 5250 201 5307 Notat
215 5250 361 5321 patientem
373 5267 444 5318 esse,
459 5253 531 5309 unde
553 5252 687 5311 Dominus
701 5251 760 5308 ait:
776 5250 907 5306 Loiornci
956 5259 1046 5314 tuum,
1061 5258 1086 5303 ct
1106 5247 1196 5303 reuniri
1211 5247 1259 5301 tibi
1272 5254 1417 5316 morotum.
1432 5241 1538 5297 Dicitur
1555 5241 1743 5312 intelligentia,
1784 5282 1786 5286 >

121 5345 266 5406 sustinens,
281 5343 306 5397 id
321 5351 364 5399 est
377 5343 417 5398 lui
433 5347 548 5414 patiens.
955 5340 1034 5411 qula,
1046 5340 1117 5395 sicut
1137 5339 1256 5410 lacryma
1269 5335 1390 5407 procedit
1403 5334 1438 5389 ab
1450 5332 1531 5388 oculo
1544 5331 1691 5399 materiali,
1706 5331 1744 5387 ita

155 5434 220 5502 unu,
240 5434 358 5506 proprie,
370 5434 471 5489 dicitur
484 5435 574 5490 minor
590 5435 713 5492 doctrina
731 5449 791 5506 uuae
817 5434 907 5490 minus
956 5429 1134 5501 intelligentia
1158 5428 1193 5484 ab
1217 5427 1334 5492 animo;
1362 5423 1435 5479 uude
1462 5422 1629 5494 Sapientia:
1655 5422 1746 5494 Perage

120 5526 333 5600 intelligentibus
351 5525 529 5595 proponitur,
551 5526 624 5582 unde
645 5524 817 5596 Apostolus:
837 5523 903 5579 Ton-
956 5521 1073 5587 oculum,
1100 5530 1125 5576 ct
1138 5521 1263 5591 producet
1277 5517 1435 5586 increatum,
1451 5513 1478 5569 iti
1491 5521 1534 5569 est
1562 5526 1660 5571 eteros
1683 5512 1746 5571 atti·

119 5633 196 5688 mont
211 5618 330 5691 partulit
341 5619 368 5671 in
386 5615 492 5671 inrisu
506 5615 548 5670 luc
559 5615 620 5671 dedi
641 5617 712 5673 robis
736 5628 836 5690 potum,
853 5633 905 5672 nort
956 5628 1033 5671 mum
1048 5622 1077 5671 et
1095 5611 1228 5685 producet
1243 5605 1462 5686 intelligentiam.
1714 5635 1716 5638 ·
1740 5650 1754 5679 .,
