3992 6042
243 226 302 291 itti
899 217 1004 277 abitu
1024 213 1069 270 tte,
1088 213 1224 271 iiiSiibts
1821 206 1884 265 gu

1044 339 1068 394 A
1117 329 1379 394 narrentanorum
1405 327 1567 385 conscendit.
1593 324 1741 382 Scrutatur
1772 341 1881 392 nerent,

210 338 214 345 ’
243 348 524 412 incitatumque
534 358 565 401 se
578 338 660 415 ue'gat
674 355 737 398 esse
746 338 872 396 clientem
1140 401 1146 413 ο

1121 418 1227 472 quique
1239 412 1372 456 ndiuidlit.

243 440 370 506 iiorum,
400 436 449 495 sed
471 445 602 507 tanquam
631 432 752 489 dominis
774 439 805 485 ut
832 427 1039 495 vestiamini.

905 521 996 595 isim·
1086 535 1236 593 Predictns
1246 537 1317 592 ratio
1332 536 1442 607 propria
1453 535 1570 592 Ratione
1583 533 1715 605 magistra

244 625 306 683 Nun
318 634 413 682 tamen
427 622 542 681 omniun
553 631 681 680 naturam
695 619 779 678 sentit
793 631 916 685 auamm,

243 717 302 774 into
316 726 343 773 et
355 717 419 772 dote
431 732 480 774 sua
494 731 548 788 qua
560 731 591 772 se
603 723 713 772 tueatur
723 696 858 777 abundat,

243 811 273 867 in
291 810 368 865 nullu
387 809 499 880 patiens
510 807 635 879 eclipsim
649 804 774 862 muneris
786 803 881 874 unius,

244 899 306 968 Quo
320 903 354 955 de
368 914 449 955 more
461 899 532 955 solet
544 907 643 954 natura
655 896 737 952 beare
749 892 881 966 jugalem.

242 990 302 1048 Nun
314 991 396 1047 uiolas
408 998 541 1057 marcent,
553 988 682 1060 quamvis
693 1002 756 1043 rosa
771 983 847 1041 lieris
861 977 967 1038 bonore

244 1082 403 1155 Splendeat,
415 1091 463 1138 aut
478 1083 571 1139 enitus
582 1090 730 1151 componat
744 1078 800 1134 lilia
814 1075 928 1133 candor.

242 1176 303 1233 lion
315 1176 408 1232 omnis
419 1175 523 1232 delirus
535 1174 598 1242 erit,
616 1173 660 1230 cui
675 1187 773 1230 sensus
787 1168 894 1241 lllyssis

242 1271 352 1339 unbem
365 1278 413 1327 :tut
429 1277 534 1335 mutus,
547 1283 630 1339 quem
646 1265 735 1323 nescit
749 1278 828 1320 musa
841 1258 977 1316 llaronis,

242 1363 302 1420 Non
314 1364 388 1419 nitor
400 1361 508 1434 argenti
523 1360 601 1427 iicet,
618 1358 642 1415 si
659 1357 780 1430 luigurat
793 1368 910 1420 aurum;

243 1456 302 1513 Nou
319 1456 412 1512 miuus
425 1468 503 1510 arma
517 1453 590 1524 rapit
604 1450 719 1518 Hector,
732 1450 756 1506 si
771 1446 880 1519 plenior
889 1443 959 1516 liar

243 1548 386 1604 Fulminat
403 1566 410 1604 ε
426 1562 442 1603 a
459 1546 544 1603 simili
560 1542 721 1602 nunemnis
733 1539 821 1613 gioria
837 1546 937 1610 quarto
968 1574 971 1579 ι

242 1644 412 1699 absentatur
425 1657 508 1713 equo,
521 1639 647 1712 quamvis
659 1637 762 1707 gradus
777 1635 822 1691 iile
836 1639 952 1704 negetur

242 1734 413 1806 Empbaticae
424 1733 525 1801 laudis,
538 1733 633 1801 inqua
648 1727 752 1785 Natura
765 1726 872 1798 priores

244 1826 323 1885 Sistit
333 1841 432 1898 equos,
447 1841 503 1882 non
518 1824 570 1881 iste
584 1831 675 1879 tamen
688 1820 811 1891 dejectus
826 1817 862 1873 ab
874 1814 952 1872 omni

242 1919 355 1977 Munere
367 1926 473 1975 uaturae
484 1914 620 1988 queritur,
637 1914 685 1971 sed
698 1911 799 1985 gaudet
814 1911 842 1966 in
857 1908 905 1964 iila

243 2011 378 2080 Fortuna,
394 2026 450 2083 qua
464 2009 614 2066 ditescam
628 2015 729 2064 natura
744 2005 848 2063 beavit.

242 2103 364 2162 Glaucus
375 2103 401 2160 ei
416 2102 494 2160 color
510 2100 623 2167 arridet,
638 2098 774 2170 respergit
785 2095 913 2154 eumdem

241 2195 343 2263 imber,
359 2205 387 2253 at
400 2196 504 2269 irriguo
519 2208 567 2250 ros
580 2189 961 2264 compluitimbrejugaiern.

242 2287 301 2347 ilne
315 2288 435 2358 speciale
453 2287 505 2343 sibi
520 2285 630 2353 retinet,
641 2284 839 2357 propriumque
850 2289 983 2350 reservat,

242 2380 322 2448 Quod
335 2379 409 2436 celer
422 2380 455 2435 ad
472 2388 568 2448 potum
584 2392 640 2433 nun
654 2376 827 2433 obliviscitur
843 2389 948 2432 eseam.

242 2468 360 2526 Panibus
376 2467 510 2538 indulget,
526 2481 577 2537 pro
593 2468 701 2523 cunctis
713 2465 837 2523 solus-ad
850 2478 929 2521 esum

241 2561 347 2627 Currit,
363 2559 430 2616 etin
445 2568 511 2630 potu
526 2556 651 2614 delectus
664 2558 772 2628 supplet
787 2569 933 2627 equorum.

241 2650 322 2709 iiunc
332 2651 428 2725 genuit
443 2648 565 2707 Tritonis
579 2647 603 2682 ⁸⁸
620 2663 725 2719 equus;
737 2645 864 2717 jurisque
873 2644 982 2715 paterni
1016 2685 1019 2691 .

241 2742 384 2801 Heredem
398 2753 522 2800 statuens
537 2754 599 2798 sese
609 2737 757 2809 descripsit
772 2737 799 2793 in
813 2737 871 2792 illu.

241 2833 354 2892 Natura
370 2833 467 2890 Triton
482 2832 552 2888 daus
566 2831 717 2902 intersigna
732 2828 847 2897 laveris,

1088 633 1146 689 Sub
1160 633 1226 704 juga
1240 634 1315 705 cogit
1328 648 1425 704 equus,
1439 631 1541 687 temoni
1555 629 1680 697 loederut,
1693 636 1773 701 urget

1086 725 1221 791 Elirenes,
1233 723 1299 795 ligat
1311 723 1471 789 indomitos,
1485 722 1631 791 frenatque
1641 730 1784 793 uagantes.
1891 761 1895 769 .

1086 817 1208 874 Primum
1223 816 1321 872 sternit
1330 820 1566 887 equum,stratum
1576 812 1747 881 conscendit,
1759 810 1882 868 habenis

1085 903 1205 976 Corrigit
1217 916 1362 967 excursus,
1379 901 1407 956 in
1422 899 1499 971 virga
1512 897 1616 965 visitat,
1637 899 1723 955 instat

1086 992 1218 1061 Verbere,
1232 1008 1309 1059 rece,
1326 992 1421 1060 minis,
1435 990 1512 1047 ilium
1526 989 1573 1045 rix
1584 990 1630 1045 iila
1642 990 1767 1061 quietum

1087 1085 1196 1153 Reddit,
1208 1087 1255 1142 sed
1270 1086 1379 1141 tandem
1392 1091 1539 1156 superatus
1549 1083 1682 1150 vincitur;
1702 1082 1742 1138 illi

1086 1178 1178 1247 Paret,
1193 1186 1221 1235 et
1236 1180 1269 1235 ad
1286 1186 1383 1234 nutum
1394 1176 1512 1233 rationis
1527 1175 1618 1233 lessus
1631 1174 1742 1231 anhelat

1087 1272 1134 1330 Sic
1147 1272 1268 1344 primurn
1281 1270 1423 1339 componit
1435 1283 1522 1341 cqrrps
1537 1269 1633 1339 auriga
1651 1266 1765 1338 sopliiae,

1085 1364 1125 1422 Ne
1135 1366 1160 1422 si
1169 1365 1330 1438 quadrigam
1343 1361 1490 1434 phronesis
1499 1361 1661 1429 concendat,
1672 1359 1767 1415 cadem

1085 1457 1213 1515 indomiti
1231 1458 1385 1528 spatientur
1407 1455 1482 1527 equi,
1509 1468 1690 1524 normamque
1706 1452 1876 1526 relinquam.

1085 1547 1169 1607 licuia
1180 1557 1330 1617 sectentur,
1346 1547 1439 1604 laxent
1451 1547 1529 1619 juga,
1542 1545 1651 1601 uincula
1664 1544 1772 1601 sulcant
1790 1563 1797 1601 :

1085 1640 1299 1706 Cunctalluant,
1314 1647 1392 1695 nutet
1408 1653 1517 1706 currus,
1529 1648 1663 1709 compago
1678 1637 1795 1706 vacillet,

1049 1699 1071 1755 B
1086 1734 1200 1806 Singula
1212 1734 1365 1797 solvantur,
1380 1732 1488 1788 laxetur
1504 1746 1602 1799 nexus,
1619 1731 1734 1786 iiabenae

1085 1826 1248 1898 Depereant,
1260 1833 1288 1880 et
1301 1832 1357 1880 tota
1371 1823 1444 1879 labet
1459 1823 1614 1879 substantia
1629 1839 1739 1880 currus.

1084 1912 1235 1990 Postquam
1246 1917 1417 1988 compositus
1428 1917 1496 1973 ordo
1510 1931 1559 1987 per
1573 1916 1680 1988 singula
1692 1932 1806 1975 currens

1086 2011 1199 2085 Singula
1214 2013 1380 2082 composuit,
1402 2012 1546 2083 phronesis
1564 2013 1749 2070 conscendere
1761 2029 1877 2070 currum

1085 2106 1238 2176 liisponens
1252 2106 1334 2162 talem
1348 2120 1409 2161 sese
1421 2105 1561 2177 componit
1574 2106 1602 2161 iu
1614 2121 1706 2161 usum.

1084 2198 1205 2266 insidet,
1219 2197 1372 2269 applaudit,
1385 2197 1550 2269 congaudet,
1564 2199 1716 2270 complacet
1735 2199 1776 2256 iili

1084 2290 1169 2347 Corin
1186 2298 1242 2347 tota
1257 2290 1352 2356 simui,
1364 2290 1506 2362 multoque
1520 2290 1616 2347 lavore
1627 2307 1770 2350 recessum

1085 2383 1206 2456 Virginis
1218 2383 1363 2449 eririlarat,
1377 2384 1481 2440 reditus
1496 2383 1604 2441 felicius
1616 2400 1698 2442 omen

1085 2476 1161 2544 Orat,
1172 2485 1199 2533 et
1213 2487 1326 2533 euentus
1338 2478 1427 2532 reditu
1444 2477 1558 2533 meliore
1569 2493 1693 2535 serenos.

1084 2570 1164 2644 361
1185 2568 1287 2626 Oscula
1311 2569 1475 2641 multiplicat
1495 2581 1640 2643 repetens,
1670 2581 1698 2630 et
1717 2573 1746 2629 in
1766 2589 1816 2632 ore
1834 2576 1877 2633 si·

1730 2666 1839 2742 [gilium

1080 2757 1220 2829 imprimit
1238 2773 1379 2831 expresso,
1395 2761 1540 2831 complexu
1558 2759 1673 2817 brachia
1687 2773 1818 2826 nectens,
1891 2784 1894 2789 ·

1085 2847 1161 2905 Colla
1176 2848 1275 2922 ligans,
1290 2849 1439 2922 animoque
1452 2852 1535 2907 simul
1549 2867 1612 2907 cum
1632 2868 1699 2909 rece
1714 2854 1840 2912 salutans
1868 2872 1872 2877 ·

241 2927 325 3007 800
340 2927 465 2984 Contulit
489 2925 675 2992 boemanos,
701 2922 808 2980 d⁰¹¹³¹¹⁵
830 2937 894 2978 ⁰⁰⁰¹
920 2936 1035 2978 munile
1085 2939 1174 3009 iilam,
1191 2942 1389 3013 congeminans
1402 2943 1483 2999 iterat
1499 2945 1651 3017 repetitque
1666 2946 1793 3003 salutem.

865 3015 1007 3089 [memem-
1048 3043 1069 3101 c
1086 3033 1165 3092 Func
1178 3037 1285 3091 monitu
1299 3038 1415 3094 rationis
1430 3038 1508 3094 adest
1522 3037 1682 3107 Prudentia,
1695 3056 1810 3097 currum

242 3106 296 3168 nti
310 3109 429 3183 speciem
445 3108 571 3168 delendet
582 3108 655 3181 equi,
672 3107 845 3180 lermamque
860 3106 963 3163 tenebit

241 3200 361 3273 Quintus
370 3219 468 3276 equuus
481 3203 505 3260 si
518 3202 581 3275 quis
593 3209 680 3259 tentet
697 3200 823 3259 conferre
838 3202 945 3271 priores

240 3293 300 3364 lsti,
312 3310 376 3351 naun
388 3296 507 3367 deponet
518 3310 631 3367 equum
648 3294 779 3364 larvaque
787 3291 891 3363 jugalis

241 3385 366 3446 Vestitus
384 3386 607 3460 sapiet-asinum,
625 3385 748 3455 dejectus
760 3385 856 3440 eadem

243 3481 377 3552 segnitie,
390 3482 470 3550 piene
481 3494 574 3535 mures
587 3485 687 3532 exutus
697 3475 825 3546 equinos.

242 3573 271 3629 Si
285 3584 376 3630 tamen
390 3574 422 3628 ad
439 3570 560 3639 reliquos
574 3568 770 3624 coiiatio'nulia
785 3564 917 3624 redundet

241 3663 331 3734 liujus
344 3661 420 3733 equi,
434 3659 481 3715 ned
496 3674 559 3714 eum
570 3658 682 3730 proprio
696 3667 852 3714 scrutemur
866 3660 968 3729 inesse,

240 3754 301 3815 Non
312 3754 394 3811 erite
411 3751 531 3822 propriis
542 3752 672 3807 exclusus
685 3750 796 3809 dotibus
807 3753 867 3824 ejus
896 3788 900 3795 ,

239 3848 350 3913 Cultus,
365 3853 393 3902 et
403 3844 432 3900 iu
448 3843 525 3900 nullo
537 3842 634 3900 lormae
648 3843 769 3915 patietur
781 3844 910 3901 abusum.

241 3940 360 4008 Quintus
384 3952 474 4009 equus
490 3945 620 4009 quartum
641 3935 765 4004 redolet,
787 3938 942 4010 partimque
963 3938 1033 4011 flgu·

865 4092 870 4104 .
923 4027 993 4103 [req

242 4125 297 4184 Sed
311 4126 445 4182 tamen-in
458 4123 568 4181 modica
582 4125 696 4195 quintus
709 4123 871 4192 demittitur,
887 4122 915 4179 in
930 4139 987 4194 qun

240 4216 355 4273 Parcius
371 4216 466 4273 arrisit
481 4216 613 4286 praedicto
623 4213 714 4270 lorma
727 4214 826 4285 jugali,

241 4308 295 4378 Qui
310 4309 403 4365 minus
414 4308 442 4364 in
455 4317 557 4366 terram
577 4322 637 4365 sese
647 4308 766 4364 demittit
780 4307 871 4364 eundo
887 4323 896 4361 r
995 4320 998 4329 ·

240 4400 297 4458 ilec
308 4402 375 4458 satis
389 4401 422 4457 ad
436 4399 547 4471 menum
560 4408 644 4469 capnt
657 4398 747 4468 erigit,
765 4398 821 4454 imo
831 4399 936 4455 caduco

242 4491 389 4548 Declinans
400 4490 479 4546 uultu
494 4490 571 4546 visus
587 4490 729 4547 deseendit
740 4490 768 4545 in
784 4491 882 4546 imum.

148 4598 153 4605 ·
241 4580 330 4638 vestit
342 4597 406 4638 eum
417 4581 495 4638 eninr
507 4580 653 4647 obscurus,
668 4596 751 4651 quem
765 4582 887 4652 possidet
901 4581 960 4653 ipsa

239 4672 370 4746 nigredo,
384 4673 491 4730 nullum
503 4687 595 4729 secum
610 4688 723 4743 passura
735 4673 866 4729 colorem.

241 4765 298 4823 Nec
310 4765 416 4838 plebeia
426 4765 501 4836 jacet
513 4766 622 4837 generis
637 4764 759 4835 lortuna,
774 4766 821 4823 sed
833 4766 942 4823 Aethon
960 4769 982 4800 ⁸⁴

241 4858 321 4915 iiune
331 4857 434 4932 genuit,
445 4857 492 4929 qui
507 4857 572 4913 solis
584 4872 671 4929 equos
683 4873 713 4915 se
727 4858 826 4931 gaudet
843 4858 944 4916 babere

242 4952 363 5021 Fratres,
380 4959 408 5009 et
419 4953 532 5008 iratruni
549 4966 610 5008 sese
624 4950 747 5009 delendit
761 4953 876 5010 bonore.

238 5041 299 5114 lips
318 5041 342 5077 ⁸⁸
360 5057 490 5115 superum
503 5040 662 5113 genitrix-iu
678 5043 787 5116 signum
805 5042 916 5100 laederis
930 5041 984 5101 isto
1028 5086 1035 5095 .

241 5133 374 5192 Naturam
389 5131 502 5191 donarit
515 5148 599 5206 equo,
609 5149 668 5206 quo
683 5136 772 5193 nodus
785 5137 890 5193 amoris

201 5278 204 5283 ,
242 5226 362 5285 Firmior
373 5226 486 5287 effectus
497 5226 610 5283 illarum
620 5234 684 5282 rota
695 5226 799 5299 ligauit.

541 5315 657 5375 CAPUT
676 5316 722 5374 tu.

241 5388 411 5462 liatioeqnor
425 5391 640 5460 omnisapiens
655 5389 746 5444 corrui
758 5389 860 5461 iungit.
872 5392 957 5449 ilatio
978 5411 1029 5452 aa·

1084 3129 1261 3200 Conscendit,
1275 3148 1429 3204 currusque
1443 3134 1526 3191 decor
1540 3136 1698 3193 cameriatus
1717 3138 1841 3196 abundat

1084 3222 1207 3294 Plenius,
1221 3235 1249 3281 et
1266 3241 1346 3282 rusco
1360 3226 1518 3282 flammatur
1533 3227 1623 3284 sidere
1639 3230 1740 3286 uultus.

1084 3315 1170 3373 Instat
1185 3319 1264 3389 equis
1277 3317 1357 3375 Ratio
1374 3320 1451 3392 uirga
1461 3320 1592 3389 dictante,
1606 3322 1713 3394 jugales

976 3426 977 3429 ¹
1083 3409 1286 3481 Aggredinntur
1306 3412 1369 3479 iter,
1383 3429 1481 3471 currus
1496 3415 1665 3482 subtollitur,
1677 3417 1734 3472 exit

1085 3500 1197 3570 Terras,
1214 3514 1242 3560 ct
1262 3513 1373 3562 tenuem
1386 3523 1502 3564 currens
1516 3509 1608 3564 evadit
1621 3510 1647 3563 iu
1663 3524 1768 3565 auram.

1083 3594 1164 3652 Aeris
1176 3597 1332 3669 ingrediens
1355 3607 1460 3655 tractus
1477 3600 1625 3657 Prudentia
1644 3611 1724 3657 caute
1742 3632 1745 3643 ·

1085 3688 1199 3763 Singula
1214 3691 1345 3762 disquirit
1357 3692 1461 3760 animo,
1476 3709 1537 3764 quae
1551 3694 1671 3750 uindicat
1683 3710 1731 3751 aer

1083 3782 1144 3856 ipsc
1159 3784 1222 3851 sibi,
1239 3794 1379 3842 scrutatur
1393 3802 1469 3854 euin,
1489 3795 1670 3857 penetratque
1683 3786 1817 3859 lugaeem.

1082 3877 1201 3950 inquirit
1215 3893 1278 3950 quae
1292 3880 1433 3947 materies,
1455 3896 1517 3951 quae
1532 3881 1615 3936 nubis
1630 3881 1722 3954 origo;

1082 3970 1228 4040 Quomodo
1246 3983 1320 4028 terra
1335 3972 1450 4028 madens
1464 3973 1576 4045 proprio
1596 3975 1696 4031 sudore
1708 3974 1819 4031 resudat

1083 4063 1114 4119 in
1130 4065 1227 4132 nubes
1244 4064 1370 4134 coeloque
1385 4080 1450 4120 suos
1464 4066 1605 4137 componit
1619 4066 1747 4122 amictus.

1083 4155 1139 4212 Cur
1151 4155 1272 4213 Plioebus
1287 4156 1384 4214 sitiens
1398 4168 1522 4229 aestuque
1536 4158 1636 4214 caloris
1651 4160 1767 4214 anlieius

1083 4248 1180 4305 liaurit
1197 4249 1232 4305 ab
1249 4247 1359 4306 Oceano
1378 4258 1472 4322 potus,
1487 4267 1536 4306 sua
1551 4251 1649 4322 pocula
1666 4251 1748 4307 rertlt

1083 4341 1112 4399 in
1131 4344 1230 4411 nubes,
1243 4358 1339 4400 crasso
1352 4344 1497 4417 suspendit
1509 4345 1537 4400 iu
1550 4360 1614 4401 aere
1630 4345 1716 4401 nimbi

1046 4405 1070 4462 υ
1083 4435 1183 4493 Nubila
1197 4451 1274 4501 rasa,
1290 4438 1409 4510 seypbos
1422 4438 1529 4506 imbris,
1545 4439 1698 4510 plurisque
1715 4439 1837 4510 lagenas.

1083 4526 1207 4595 Qualiter
1219 4528 1291 4601 ignis
1304 4529 1386 4585 hebet
1399 4530 1521 4594 monicus
1538 4530 1567 4584 iu
1581 4529 1664 4595 nube,
1678 4529 1805 4601 paritque

1083 4622 1223 4690 Fulmina,
1239 4624 1304 4680 dnm
1320 4625 1455 4692 moritur;
1472 4626 1513 4679 sic
1525 4632 1613 4679 morte
1630 4623 1754 4679 uireirior
1770 4621 1853 4675 instat

1083 4715 1172 4784 Quam
1196 4718 1263 4785 nita,
1282 4717 1416 4788 ritusque
1431 4718 1527 4789 nequit
1546 4717 1620 4789 qund
1636 4726 1761 4772 mortuus
1776 4712 1868 4770 inient.

1084 4808 1162 4865 Unde
1175 4810 1290 4865 trabant
1302 4819 1393 4867 ortum
1409 4812 1493 4880 renti,
1509 4827 1570 4881 qnae
1585 4811 1690 4866 serniua
1705 4822 1798 4864 rerum

1081 4901 1220 4973 inspirent
1234 4913 1341 4958 motum
1358 4904 1463 4973 nentis,
1485 4917 1639 4975 causasque
1657 4901 1796 4957 morendi.

1082 4994 1140 5050 Cur
1155 5002 1248 5050 auster
1259 4994 1371 5066 plurius
1387 4995 1484 5065 pluuia
1496 4997 1629 5067 pincerna
1643 4995 1771 5066 propinat

1078 5087 1189 5155 ‘Terris
1204 5098 1231 5145 et
1242 5089 1320 5158 plene
1331 5089 1448 5163 largitur
1464 5091 1562 5162 pocula
1578 5089 1691 5145 mrrndo.

1082 5182 1205 5251 Qualiter
1218 5183 1358 5239 austrinos
1378 5181 1472 5239 Bnreae
1487 5183 1549 5239 sitis
1567 5182 1653 5239 ebibit
1666 5180 1779 5236 imbres.

1083 5275 1276 5347 Emendatque
1287 5275 1348 5331 nias
1360 5275 1462 5346 pluviis
1474 5275 1554 5346 quasi
1569 5291 1652 5345 scopa
1667 5274 1786 5330 riarum.

1082 5368 1206 5436 Qualiter
1217 5368 1338 5441 agricola
1353 5366 1495 5440 Zephyrus
1510 5369 1570 5424 sine
1582 5382 1695 5423 uomere
1710 5375 1798 5421 terras

277 5461 338 5529 rign
364 5458 547 5531 Sapientiam
568 5457 733 5516 Prudentia.
754 5460 904 5519 Prudentia
925 5467 1029 5521 monito
1081 5463 1200 5530 Facelit,
1229 5470 1258 5519 et
1273 5460 1372 5518 lloruru
1391 5472 1497 5534 segetes
1510 5462 1616 5520 extollit
1635 5461 1664 5516 in
1680 5458 1778 5515 horus.

883 5554 1000 5613 inniti:
1024 5553 1225 5615 Lectiones.

247 5707 254 5721 .
280 5638 304 5671 ⁸³
319 5637 422 5707 l'riton,
437 5642 509 5699 dena
522 5653 562 5699 ert
582 5646 715 5713 marinus,
730 5656 756 5702 et
773 5645 891 5717 Neptem·
905 5649 1021 5707 tubicen.
1058 5650 1082 5684 ⁸⁸
1093 5649 1235 5714 Aetiona
1249 5651 1332 5720 poetis
1355 5650 1456 5708 dicitnr
1470 5666 1551 5722 equus
1571 5648 1653 5719 Solis,
1675 5647 1759 5704 latine
1778 5653 1869 5706 antrat

241 5716 433 5777 interpretatas
448 5713 556 5770 ardent.
595 5716 619 5793 ‚⁸⁸
634 5715 699 5787 Ope,
714 5727 800 5774 mater
811 5719 924 5790 pingitur
938 5721 1020 5790 [nisae
1034 5721 1270 5790 decrementum
1284 5719 1406 5779 Saturni.
