3992 6042
123 192 191 254 rel
532 191 799 254 ntsutncrtottus
820 191 1013 254 btcrtultutt
1033 191 1159 252 TllEOL.
1178 221 1214 234 -
1232 189 1382 254 rte-ltu
1607 227 1608 230 =
1718 199 1773 257 *tes
1812 225 1818 242 .

123 311 188 368 che
197 309 269 385 (ric).
283 308 388 368 Dicitur
401 311 484 370 etiam
499 311 711 384 animadversio,
724 315 797 372 unde
810 315 839 372 in
852 314 931 372 Psal·
945 318 970 378 Δ
983 324 1067 383 quam
1080 309 1139 379 ipsa
1154 304 1298 364 abscondit
1312 305 1341 361 ln
1354 304 1407 361 lide
1420 293 1513 361 Patris
1526 314 1554 361 et
1567 303 1630 362 Filii
1641 315 1668 364 ct
1681 307 1771 379 Spiri-

125 415 205 458 mo.
221 403 324 457 Avertit
349 402 446 472 {eciem
475 418 553 457 ruem
577 418 609 457 ιιε
634 404 722 459 uident
743 407 772 460 in
792 406 885 477 finem
903 411 931 460 ct
982 410 1028 458 tus
1041 401 1141 466 sancti,
1157 397 1200 454 εει
1212 397 1240 452 in
1254 397 1342 453 tribus
1355 396 1422 454 satis
1435 396 1541 466 iarinae,
1553 398 1581 454 id
1591 408 1634 455 eat
1644 401 1672 455 in
1684 401 1773 459 tribus

126 495 204 551 alibi
217 512 225 550 ι
237 498 332 549 Αιεειε
355 494 452 564 [aciem
465 504 569 549 ιιιεειε
586 499 703 566 peccati:
717 499 793 566 meir,
805 506 859 554 etc.
982 492 1112 565 potentiis
1136 490 1247 572 anime,
1258 489 1300 543 uel
1322 490 1351 544 in
1376 489 1536 545 hominihus
1553 505 1587 545 cx
1607 491 1694 547 trihus
1708 492 1772 554 liliis
1809 565 1813 572 ἢ

175 586 300 653 Fuerunt,
324 586 443 657 proprie.
469 585 575 642 Dicitur
593 586 783 656 incarnatum,
807 588 880 644 unde
903 589 931 643 in
982 582 1050 652 Nnc,
1063 581 1106 638 vel
1119 581 1147 637 in
1159 580 1249 637 tribus
1262 579 1406 637 ordinibus
1424 581 1568 649 Ecclesiae,
1582 583 1703 654 scilicet,
1718 584 1773 641 vir·

128 672 288 745 Etvangclio
300 672 457 729 :Videamus
468 675 631 731 hocnerbum
641 678 712 749 guod
723 679 892 749 factumest:
904 686 933 733 ει
983 675 1089 748 ginnm,
1105 674 1327 745 conjugatorum,
1340 673 1552 730 continentium.

127 764 167 821 in
183 764 311 822 Joannc:
334 765 447 822 Vestam
466 784 530 822 caro
551 768 727 838 factumest,
745 778 799 825 etc.
824 768 934 827 Dicitur
1020 764 1182 821 Fasciculus
1194 806 1202 832 ,
1216 765 1344 836 proprie,
1360 764 1502 835 congeries
1513 764 1646 835 plurium.
1668 763 1774 824 Dicitur

131 858 325 928 inspiratum,
349 858 423 913 unde
444 859 473 914 in
495 856 569 914 Luca
594 877 602 915 :
627 859 743 914 Factam
765 869 805 916 εει
827 861 932 917 uerbum
984 858 1132 927 Christus,
1160 858 1254 915 utrde:
1272 857 1433 924 Fasciculus
1447 857 1562 926 myrrho
1576 858 1687 913 dilectus
1702 873 1775 917 mette

131 946 250 1003 Domini
274 965 353 1019 ceper
373 948 516 1006 loannem.
540 949 646 1006 Dicitur
668 950 832 1022 prelatum,
861 952 934 1007 unde
985 951 1063 1019 milri,
1075 950 1102 1005 id
1113 960 1155 1007 cst
1166 951 1283 1006 dilectus
1295 965 1384 1014 meus,
1398 948 1465 1005 dicit
1475 947 1609 1018 Ecclesia,
1626 950 1776 1010 fasciculus

134 1037 214 1094 Deus
237 1039 338 1094 dicitur
369 1055 465 1096 creare
486 1055 549 1110 qua:
569 1039 704 1111 iacta,id
716 1051 758 1098 est
772 1058 835 1114 quse
849 1043 885 1099 ab
901 1057 955 1098 eo‘
985 1040 1539 1114 myrrhaemihiiuit,idestadutilitatcnt
1551 1041 1775 1100 muamChristus

133 1131 331 1201 praedestinata
346 1132 389 1186 uel
406 1131 534 1186 ordinata
546 1131 618 1198 sint,
630 1140 684 1188 etc.
986 1132 1120 1188 sustinuit
1145 1132 1359 1188 amaritudinem
1383 1130 1534 1201 passionis.
1555 1130 1691 1187 Dicuntur
1711 1134 1776 1189 mali

177 1221 293 1288 Facitis,
306 1222 427 1293 proprie.
438 1221 543 1277 Dicitur
551 1223 693 1291 diabolus:
705 1225 778 1281 unde
789 1225 816 1281 in
827 1226 913 1297 dpoe.
926 1245 934 1283 :
987 1223 1133 1280 coadunati
1143 1223 1169 1279 iu
1179 1238 1272 1293 poena,
1282 1223 1354 1279 sicut
1362 1224 1510 1280 coadunati
1522 1223 1636 1279 inerunt
1645 1224 1775 1297 inculpm

136 1313 179 1367 Et
193 1312 290 1367 recidit
304 1313 338 1367 dc
349 1312 415 1367 crete
427 1312 506 1369 stetin
521 1330 619 1385 magno
634 1315 730 1370 urdene
748 1325 875 1388 tanquam
893 1318 937 1388 [a-
986 1315 1060 1376 unde
1072 1315 1099 1369 in
1114 1314 1263 1386 Evangelio
1274 1315 1375 1387 legitur
1385 1315 1460 1386 quod
1483 1315 1572 1387 angeli
1592 1316 1721 1387 colligent
1736 1317 1777 1371 zi·

15 1413 19 1422 ’
136 1403 214 1458 culo.
228 1402 361 1459 Diabolus
374 1403 477 1459 dicitur
499 1406 578 1463 stella
598 1416 712 1477 propter
733 1409 777 1464 sui
801 1410 936 1480 originem
987 1406 1066 1461 rania
1080 1419 1128 1475 per
1143 1404 1291 1462 fasciculos
1303 1404 1337 1460 ad
1350 1405 1580 1472 comburendum,
1594 1406 1677 1462 idest
1691 1408 1779 1463 malos

136 1503 172 1550 ει
185 1504 290 1550 εειιιιε
306 1496 510 1566 subtilitatem,
534 1512 596 1568 qun
616 1499 717 1555 cecidit
742 1500 777 1556 de
795 1501 865 1558 ento
888 1517 937 1572 per
988 1496 1023 1550 au
1034 1495 1203 1565 puniendum
1216 1536 1224 1564 ‚
1237 1503 1290 1551 etc.
1312 1494 1420 1552 Dicitur
1433 1504 1585 1552 conventus
1600 1496 1735 1552 honorum
1751 1498 1780 1553 in

138 1586 321 1655 superbiam:
337 1596 364 1643 et
374 1594 418 1643 cst
430 1588 530 1643 ardens
545 1603 595 1658 per
606 1588 738 1644 inuidiam
756 1599 784 1645 ct
802 1592 935 1647 malitiam
987 1585 1097 1658 patria,
1123 1586 1196 1642 unde
1222 1584 1328 1656 David,
1356 1586 1384 1642 iu
1399 1587 1449 1643 lib.
1475 1586 1581 1660 llegum
1594 1629 1603 1656 ,
1618 1603 1681 1644 curn
1701 1590 1781 1645 vellet

138 1682 175 1729 ut
188 1674 277 1730 lacida
287 1717 295 1744 ,
307 1676 373 1748 quia
384 1676 454 1735 alios
466 1676 591 1733 incendit
601 1679 636 1735 ad
650 1678 802 1751 nequitiam
815 1690 842 1738 ει
852 1696 937 1754 opera
952 1659 974 1716 Β
988 1677 1115 1737 occidere
1129 1676 1236 1743 Nabal,
1252 1678 1343 1733 sirum
1355 1678 1486 1748 stultum,
1500 1679 1621 1736 occurrit
1638 1695 1709 1735 uxor
1721 1680 1782 1751 ejus

136 1763 309 1835 iniqnitatis.
987 1769 1024 1837 ei,
1040 1771 1144 1826 scilicet
1157 1769 1275 1840 hhigail,
1289 1777 1318 1826 et
1339 1770 1483 1843 procidens
1498 1772 1627 1827 adoravit
1647 1785 1727 1839 eum,
1739 1772 1783 1829 di·

179 1857 248 1913 Fue
269 1859 391 1930 proprie.
415 1857 550 1916 Dicuntur
571 1859 624 1917 saer
639 1863 836 1921 caerimoniali:
858 1865 936 1936 legis,
988 1859 1072 1929 censi:
1085 1860 1207 1926 Domine,
1221 1876 1300 1930 parce
1310 1861 1376 1928 niro,
1389 1868 1419 1915 ιιι
1433 1861 1468 1914 rit
1484 1859 1575 1913 areima
1589 1868 1636 1913 ιεε
1648 1859 1783 1915 custodito

137 1948 216 2004 unde
232 1947 259 2003 in
274 1950 404 2007 Psalmo:
420 1949 456 2005 s:
472 1951 612 2007 inclinauit
624 1970 657 2008 εε
668 1956 717 2010 hoc
727 1956 755 2010 in
767 1957 827 2024 itur,
839 1973 940 2012 oerum·
977 1950 1065 2024 ‚quati
1078 1950 1106 2004 ιἰι
1118 1949 1249 2020 [asciculo
1261 1951 1417 2017 uiuentium,
1439 1949 1467 2004 id
1481 1956 1523 2006 esi
1537 1950 1576 2007 sis
1590 1948 1618 2005 in
1632 1965 1783 2022 congrege·

140 2050 232 2097 tamen
259 2043 314 2114 fea
332 2044 391 2116 ejus
416 2062 469 2101 non
493 2057 531 2103 εει
549 2050 701 2105 arnanise.
727 2049 834 2105 Dicitur
854 2050 938 2104 eriam
989 2042 1064 2098 tione
1076 2041 1192 2097 istorum
1204 2042 1252 2112 qui
1263 2041 1369 2111 uiuunt,
1384 2040 1412 2095 id
1424 2049 1467 2095 cst
1479 2055 1588 2110 semper
1599 2041 1699 2108 virent,
1710 2041 1785 2097 sicut

139 2134 262 2188 mortale
283 2145 426 2204 peccatum
444 2137 488 2193 vel
504 2153 587 2208 poeua
612 2149 714 2195 aetcrna
732 2155 794 2210 qua:
816 2153 872 2195 non
885 2143 940 2195 ἐει
989 2133 1116 2190 fasciculi
1128 2133 1226 2189 uitium
1250 2133 1278 2189 in
1298 2148 1398 2205 aquam
1412 2132 1561 2188 mittuntur
1576 2139 1607 2187 ut
1620 2140 1784 2203 perpetuum

140 2226 282 2282 exinanita
310 2226 465 2297 sindonis:
492 2232 564 2287 unde
588 2229 723 2301 Origenes
750 2247 832 2303 super
859 2232 939 2288 illum
990 2229 1255 2286 haheantrirorem.

140 2317 236 2375 locum
249 2317 277 2372 in
289 2318 390 2375 Glos:
410 2319 598 2377 Verumtamen
614 2324 668 2394 foer
677 2324 745 2393 ejas,
764 2324 790 2379 id
805 2333 849 2379 est
858 2338 939 2395 poena
1026 2322 1187 2394 Fnseinnre,
1201 2321 1324 2394 proprie,
1338 2320 1424 2379 verbo
1439 2319 1484 2377 rel
1496 2319 1559 2378 risu
1571 2318 1654 2377 alicui
1669 2333 1783 2386 nocere,

140 2422 197 2479 pru
217 2419 341 2479 peccato.
360 2409 466 2467 Dicitur
483 2414 851 2486 carnalisconcupiscentia,
866 2417 940 2473 unde
991 2413 1066 2468 unde
1080 2399 1215 2483 Virgilius
1232 2430 1240 2468 ι

142 2501 174 2557 ln
189 2499 317 2559 Psalmo:
331 2502 370 2559 De
386 2504 447 2560 ιεειι
461 2506 576 2561 miseric
587 2515 613 2563 ει
628 2508 661 2561 de
672 2508 730 2563 luto
742 2510 828 2580 seris.
1028 2502 1126 2558 Nescio
1139 2504 1198 2574 gei:
1213 2510 1315 2557 teneros
1329 2502 1424 2559 oculere
1438 2503 1506 2558 mihi
1517 2502 1738 2575 [ercinotngnor.

182 2590 265 2660 Falx,
282 2594 403 2665 proprie.
418 2593 524 2650 Dicitur
535 2595 631 2668 ligatio
646 2596 687 2652 rel
703 2597 826 2666 solutio:
845 2597 938 2654 unde:
990 2596 1468 2668 Diciturdecipere,undedpustolus
1481 2615 1488 2652 ι
1500 2597 1522 2653 D
1532 2594 1784 2662 insensatiGoiatoe,

143 2680 234 2740 Nemo
257 2684 332 2740 debet
366 2686 502 2742 dimittere
525 2687 622 2758 sulcem
649 2689 679 2742 itt
707 2705 788 2743 manu
816 2689 939 2756 ulterius,
990 2690 1050 2761 qni:
1066 2705 1110 2744 eos
1126 2689 1270 2760 {cecinerit
1284 2689 1392 2745 ueritati
1406 2705 1458 2744 uon
1477 2688 1785 2744 obedireiidestdeoe·

143 2773 174 2830 ld
187 2783 229 2830 εει
241 2790 296 2831 non
310 2776 375 2833 licet
390 2777 473 2833 alicui
488 2778 574 2848 ligare
588 2778 630 2835 rel
645 2778 752 2836 solvere
766 2779 879 2835 alterius
891 2794 941 2849 pa·
990 2779 1040 2849 pil.
1053 2778 1196 2851 Signidcat
1209 2781 1338 2846 irroidere,
1352 2780 1425 2836 unde
1437 2780 1591 2836 seeundum
1604 2779 1687 2834 aliam
1701 2791 1787 2848 expo·

144 2866 323 2925 rochianum.
348 2867 453 2925 Dicitur
471 2870 619 2942 judiciaria
642 2879 785 2942 potestas,
813 2872 885 2927 unde
912 2887 940 2927 tn
991 2869 1120 2926 sirionem
1137 2889 1145 2926 :
1160 2870 1226 2936 Quis
1241 2888 1286 2928 nor
1300 2873 1467 2943 [ursinaritl
1488 2872 1515 2928 id
1531 2871 1650 2942 estquis
1667 2870 1787 2942 pseudo·

143 2954 294 3026 Apoc.:l3t
312 2957 425 3012 habebnt
437 2959 466 3013 in
484 2975 565 3014 mune
574 2960 642 3030 ejus,
655 2961 682 3014 in
699 2970 862 3030 potestatem
883 2975 975 3043 suaec
991 2957 1125 3026 propheta
1137 2955 1215 3015 vobis
1227 2960 1346 3016 iuridici

144 3045 356 3116 dispositionis,
371 3047 478 3117 sulcem,
491 3048 516 3104 id
527 3049 751 3118 estjudiciariam
760 3057 939 3120 potestatem
1029 3046 1132 3101 Fatum
1145 3047 1247 3106 dicitur
1260 3052 1454 3121 temporalium
1469 3066 1564 3107 rerum
1587 3050 1674 3109 series
1686 3065 1787 3110 sccun-

145 3146 277 3204 ncutum,
298 3138 325 3193 id
339 3146 383 3194 est
395 3147 538 3208 amputare
547 3150 684 3210 paratam,
709 3141 737 3196 id
755 3150 798 3197 est
811 3156 942 3212 separare
993 3138 1058 3196 dum
1071 3138 1193 3194 divinam
1207 3139 1415 3196 Providentiam
1435 3142 1609 3212 precellens,
1628 3142 1701 3197 ⁰⁰⁶0
1716 3142 1787 3198 13⁰0·

147 3229 263 3287 Donusa
278 3230 431 3297 malis,ctc.
441 3229 550 3285 Dicitur
560 3230 620 3286 dics
636 3231 734 3287 mortis
745 3232 856 3288 ueldies
865 3232 939 3302 judi·
993 3227 1061 3294 tius,
1074 3229 1103 3284 in
1115 3230 1164 3285 lib.
1177 3228 1215 3285 De
1226 3231 1325 3286 conset.
1338 3233 1447 3301 philon,
1456 3233 1599 3303 distinguit
1613 3233 1685 3288 inter
1695 3232 1787 3302 prori-

146 3321 196 3388 cii,
209 3322 283 3377 unde
289 3319 374 3378 isaias
388 3321 569 3392 :Condatem
580 3321 685 3394 gladios
699 3340 761 3379 ιιιεε
775 3326 941 3394 insumeret,
993 3320 1114 3377 dentiam
1131 3329 1160 3379 ct
1172 3322 1271 3379 latum.
1286 3322 1393 3380 Dicitur
1404 3324 1497 3381 diuina
1508 3322 1681 3395 providentia
1692 3362 1701 3390 ,
1714 3321 1788 3379 unde

147 3423 175 3470 et
187 3415 295 3470 tanceas
310 3431 373 3470 ειιεε
386 3417 415 3469 in
430 3416 513 3486 [nicer
521 3431 532 3482 ,·
546 3417 611 3487 quia
620 3425 687 3474 tunc
697 3418 844 3473 cessabunt
854 3418 943 3475 rebel·
977 3409 1125 3469 'suntme

148 3503 239 3559 lienes
252 3503 287 3559 ad
302 3504 356 3560 hoc
367 3513 398 3559 ut
413 3504 566 3561 habeamus
586 3505 707 3563 tructam
724 3508 751 3562 in
765 3507 810 3564 die
824 3508 941 3580 judicii,

149 3594 264 3667 quando
286 3594 339 3651 crit
360 3605 470 3665 tempus
485 3594 655 3666 messionis,
673 3596 739 3667 quia
751 3612 879 3657 secamus
892 3599 944 3655 lal-

149 3697 279 3834 ωἸξιιιιοιεε
292 3819 300 3845 ,
311 3778 432 3850 proprie,
448 3777 529 3845 laus:
548 3777 621 3834 unde
634 3778 734 3850 legitur
747 3797 755 3832 ι
769 3778 891 3836 Crudelis
904 3792 944 3838 εει

150 3872 198 3946 qni
212 3871 314 3942 fumum
326 3869 446 3942 negligit.
462 3870 569 3927 Dicitur
582 3871 674 3927 omnis
694 3870 856 3943 divulgatio.
877 3872 944 3930 Phi·

995 3501 1145 3558 Pomorum
1154 3520 1289 3574 preaesse
1298 3519 1392 3560 mantra
1401 3505 1537 3576 {utumque
1556 3504 1627 3576 quod
1648 3503 1784 3559 eitrsert.

996 3593 1073 3651 Solet
1082 3596 1167 3651 etiam
1179 3595 1234 3652 dici
1246 3596 1388 3667 generatio
1399 3595 1519 3662 essendi,
1531 3593 1713 3660 continuatio,
1726 3606 1788 3648 cor-

995 3688 1108 3759 ruptio:
1131 3687 1205 3743 unde
1219 3688 1293 3757 apud
1309 3694 1437 3744 auctores
1457 3685 1509 3741 tria
1521 3685 1700 3756 assignantur
1711 3682 1788 3740 iata:

996 3778 1103 3844 Clotho,
1117 3777 1255 3846 Lachesis,
1273 3759 1397 3848 Atropos.

1032 3869 1148 3936 Fnucer,
1161 3869 1282 3941 proprie.
1295 3867 1402 3923 Dicitur
1412 3867 1495 3923 etiam
1507 3880 1586 3922 mens
1599 3864 1719 3921 humana
1732 3861 1791 3919 sire

151 3965 286 4035 losophus
306 3964 334 4017 in
347 3962 419 4018 libro
431 3964 549 4034 septimo
562 3961 651 4018 Eritis.
667 3979 677 4017 :
691 3960 780 4019 Fumo
793 3980 874 4035 geom
886 3980 945 4020 om·
997 3962 1149 4032 cogitatio,
1166 3960 1240 4016 unde
1254 3955 1284 4014 in‘
1296 3957 1425 4015 Psalmo:
1443 3956 1530 4022 Quom
1550 3955 1643 4009 dulcio
1667 3952 1790 4025 sandius

154 4072 204 4113 εει
219 4055 323 4126 sornam
338 4056 366 4111 in
378 4064 433 4110 toto
443 4071 497 4111 non
508 4055 639 4126 perditur.
729 4068 732 4074 ·
997 4054 1062 4108 meir
1076 4050 1182 4123 eloquin
1195 4047 1261 4104 tani
1274 4047 1409 4104 Dicuntur
1423 4045 1553 4116 apostoli,
1567 4044 1632 4115 quia
1641 4060 1690 4115 per
1704 4044 1790 4115 ipsos,

190 4146 307 4217 Fames,
323 4146 443 4217 proprie.
466 4146 576 4202 Dicitur
588 4147 702 4217 angelus
716 4147 819 4216 lamis,
833 4148 907 4204 unde
917 4146 945 4204 in
997 4153 1130 4215 tauquam
1169 4156 1220 4213 per
1248 4138 1363 4206 lauces,
1405 4136 1508 4193 emittit
1533 4134 1661 4192 Christus
1689 4149 1785 4191 vocem

152 4238 573 4309 propheta2llittumsnmemin
586 4247 798 4306 rememorem,
812 4239 946 4296 idestan-
999 4249 1078 4292 suam
1103 4233 1130 4288 in
1154 4231 1314 4288 universum
1335 4227 1488 4295 mundum;
1514 4225 1586 4281 unde
1607 4224 1634 4279 in
1657 4222 1794 4279 Psalmo:

154 4330 247 4403 gelum
259 4330 306 4401 qtti
319 4330 468 4401 deputatur
481 4329 556 4386 huic.
580 4328 686 4386 Dicitur
697 4327 865 4386 desiderium
880 4345 947 4386 con·
961 4311 984 4366 Ῑ)
998 4324 1098 4380 Doncoe
1109 4324 1189 4395 {octe
1200 4330 1264 4376 sent
1277 4321 1368 4390 [auser
1379 4334 1456 4384 mete,
1467 4317 1494 4373 id
1505 4326 1549 4373 εει
1560 4315 1677 4386 apostoli
1689 4314 1718 4369 in
1729 4328 1793 4384 pas-

155 4424 279 4482 rcrtendi
289 4422 408 4493 aliquos,
420 4421 495 4476 unde
507 4421 533 4476 in
545 4419 674 4478 Psalmo:
689 4419 800 4477 Famem
810 4422 948 4491 potientur
998 4417 1076 4473 sione
1094 4416 1122 4470 in
1138 4414 1192 4469 lide
1203 4412 1373 4468 deiecerunt.
1395 4409 1502 4465 Dicitur
1515 4407 1613 4463 mortis
1629 4403 1790 4469 devoratio,

157 4524 187 4570 ιιι
199 4532 287 4582 coner,
301 4515 328 4571 id
340 4522 384 4571 εει
394 4511 562 4570 desiderium
575 4513 754 4568 convertendi
769 4507 920 4569 habebunt.
998 4507 1072 4563 unde
1086 4524 1095 4560 :
1109 4503 1220 4575 Eripuit
1243 4519 1291 4558 nor
1315 4503 1347 4556 de
1371 4500 1495 4572 [necibus
1521 4499 1625 4553 mortis.
1657 4495 1793 4575 Dicuntur¹

193 4607 334 4673 domitio,
356 4606 477 4677 proprie.
500 4603 607 4660 Dtcitur
627 4604 710 4659 ctiam
728 4604 816 4661 tidelis
830 4605 948 4676 populus
998 4600 1082 4657 ctiam
1098 4609 1236 4670 praerupta
1251 4592 1497 4662 montium,nnde
1511 4589 1793 4646 :humberticurte-
1911 4579 1916 4589 '

159 4710 210 4751 sno
220 4698 332 4765 praelato
344 4695 500 4767 subjectus:
512 4693 586 4750 unde
596 4692 624 4748 iu
635 4691 783 4764 Evangelio
793 4712 800 4748 :
812 4694 890 4763 Quis,
902 4710 950 4764 pu·
998 4691 1078 4746 debat
1090 4705 1137 4762 per
1148 4689 1238 4758 [neser
1250 4686 1392 4752 morutium,
1408 4683 1436 4739 id
1449 4692 1491 4740 est
1502 4696 1552 4753 per
1564 4689 1702 4753 praerupta
1715 4691 1794 4735 mon·

161 4792 214 4848 tos,
225 4795 263 4840 ert
274 4786 360 4857 fidelis
373 4802 474 4852 εεεεεε,
489 4793 514 4840 ει
526 4783 653 4855 prudens,
665 4799 741 4854 grem
751 4784 889 4839 conrtituit
901 4781 950 4838 tto·
1000 4782 1080 4855 tinne,
1094 4788 1188 4834 εειιιεε
1203 4773 1388 4856 Philisthoeor.

160 4876 248 4932 mines
271 4893 336 4932 aaut
357 4894 438 4948 snper
457 4875 591 4948 familiam
611 4876 710 4930 suomi
723 4874 829 4931 Dicitur
841 4875 950 4948 gentilis
1037 4867 1166 4936 Perille,
1186 4866 1318 4940 proprie,
1340 4861 1451 4935 fragile:
1467 4868 1519 4919 ut:
1542 4858 1579 4914 Et
1593 4860 1645 4914 erit
1661 4854 1792 4928 fortitudo

161 4968 289 5038 populus,
301 4967 373 5024 unde
384 4968 413 5025 iu
423 4967 534 5026 Psalmo
546 4985 554 5023 :
566 4966 761 5023 Etodomiant
772 4967 801 5022 ιἰι
811 4977 951 5038 compertu
1001 4970 1132 5019 restruet
1149 4958 1263 5030 fauilla,
1278 4957 1306 5013 id
1322 4963 1365 5012 est
1378 4952 1497 5026 lragllis.
1514 4952 1620 5007 Dicitur
1631 4947 1705 5012 uile,
1721 4946 1793 5001 unde

161 5057 219 5129 mars
232 5059 360 5114 uniuersae
374 5059 485 5128 {emilie
499 5059 626 5131 gentiam.
1001 5054 1052 5111 doh
1067 5072 1074 5110 ι
1092 5053 1128 5109 Ει
1141 5051 1308 5110 ειείιιιίιειιιε
1332 5063 1392 5103 rum
1409 5046 1510 5117 suedie
1530 5053 1555 5098 et
1571 5039 1664 5096 cineri.
1689 5036 1794 5091 Dicitur

198 5149 315 5218 Farina,
333 5150 452 5219 proprie.
462 5148 567 5206 Dicitur
582 5148 661 5215 tides,
674 5148 717 5204 rel
732 5148 834 5214 anima,
850 5146 891 5202 rel
902 5161 952 5217 pu·
1002 5145 1185 5220 annihilatum
1200 5141 1243 5197 sel
1253 5138 1428 5202 annihilatio,
1442 5134 1514 5191 unde
1529 5149 1536 5186 ε
1552 5129 1600 5183 Fir
1613 5126 1692 5181 rudia
1702 5139 1794 5180 eorum

162 5243 245 5313 pnlus
264 5249 375 5314 propter
392 5242 616 5308 multitudinem;
640 5241 714 5297 unde
734 5238 763 5294 in
778 5236 950 5308 Evangelio:
1002 5236 1079 5307 gnari
1091 5232 1200 5304 tonilla,
1223 5230 1308 5287 idest
1323 5208 1446 5283 'intentio
1471 5232 1569 5278 eurum
1592 5213 1795 5272 annihilabitur

164 5334 259 5392 Simile
272 5343 313 5391 εει
322 5350 430 5404 regnum
444 5334 569 5389 culorum
584 5333 712 5404 {ermemo
726 5331 797 5402 quod
815 5339 952 5401 occeptum
1002 5327 1045 5382 rel
1059 5321 1111 5381 e'rit
1124 5320 1239 5378 inutilis.
1676 5395 1682 5408 .

163 5428 260 5483 mulier
275 5426 413 5481 abscondit
429 5424 650 5495 interiacentis
669 5424 765 5480 tritor.
792 5421 888 5478 Satum
910 5427 954 5476 εει
1039 5416 1132 5471 Parus
1144 5411 1255 5486 propriu
1275 5407 1330 5465 mel
1354 5406 1384 5463 ln
1409 5416 1486 5459 cera.
1501 5399 1611 5504 Dicitur
1622 5409 1722 5468 pagana
1736 5391 1791 5450 Ve-

163 5534 253 5591 genus
266 5531 404 5575 ntensurae
415 5491 540 5573 modium
556 5532 642 5572 unum
661 5524 689 5572 et
705 5513 851 5571 dimidium
864 5512 954 5569 conti-
1003 5509 1070 5566 teris
1081 5502 1249 5564 Testamenti
1264 5498 1338 5572 quod
1351 5497 1380 5553 in
1397 5510 1446 5564 se,
1462 5507 1543 5597 guast
1555 5490 1620 5558 mel,
1638 5488 1792 5545 doctrinam

165 5625 245 5669 nens.
256 5609 305 5668 liet
314 5622 380 5682 ergo
391 5622 489 5667 εεεεει
502 5626 509 5664 :
523 5606 629 5666 Similis
639 5615 682 5665 εει
691 5605 814 5665 Ecclesia
821 5602 954 5662 doctrinar
1003 5597 1191 5670 euangelicam
1203 5589 1379 5658 conductam
1392 5586 1465 5644 unde
1475 5598 1504 5642 ut
1514 5581 1596 5640 cant.
1610 5598 1617 5637 ι
1630 5576 1739 5636 demedi
1751 5575 1794 5646 fn·
