3992 6042
233 245 287 309 iod
884 226 988 292 atam
1006 230 1051 287 bb
1069 224 1205 289 tnsttttt
1809 219 1863 285 ill

233 367 335 423 malum
351 362 480 435 punicum
508 359 690 425 demonstrat,
714 352 889 412 tolerantiam
908 351 1018 424 passio·
1032 356 1055 413 Α
1069 347 1287 405 incantationem
1302 346 1404 402 nullius
1418 344 1550 402 momenti
1562 360 1625 404 esse
1638 346 1797 417 ridebatur3
1810 349 1860 407 sed
1907 380 1910 384 ,

233 474 300 518 num
315 456 450 528 designat.
1071 448 1132 511 post
1154 437 1360 508 conceptionem
1374 449 1401 493 et
1416 445 1526 507 partum
1538 437 1567 493 in
1583 453 1685 510 magno
1695 438 1801 495 honore
1816 446 1861 497 est

270 547 313 605 tta·
324 545 392 601 dabo
408 542 549 600 tibicinem
568 556 636 595 mea.
1071 529 1183 593 habita;
1201 543 1256 582 non
1271 528 1359 584 solnm
1373 525 1408 581 ab
1429 525 1589 582 bominibus
1610 526 1658 583 scd
1671 527 1753 584 etiam
1764 528 1799 585 ab
1810 544 1861 584 an·

268 639 366 707 idest,
386 637 415 693 ln
433 638 492 710 ipsa
517 630 694 690 meditatione
728 626 878 699 Scriptura
899 622 1017 681 manile·
1072 617 1160 688 gelis3
1186 617 1251 687 ania
1276 616 1347 671 inter
1363 614 1493 672 mulieres
1515 615 1670 685 benedicta,
1694 617 1751 673 imo
1775 630 1860 688 super

234 733 313 791 stabo
327 730 463 801 duplicem
480 726 659 789 charitatem,
673 734 728 792 qua
739 719 859 788 tediiigo
869 715 1020 773 secuudum
1072 709 1173 764 cltoros
1187 708 1347 778 angelorum
1364 707 1494 763 exaltata.
1512 705 1622 763 Etcum
1643 708 1672 764 in
1684 723 1768 765 carne
1778 723 1862 765 vene·

233 824 306 896 quod
324 822 396 878 [leus
419 837 461 887 es,
478 826 506 874 et
530 813 681 873 meandum
703 810 886 882 qttodltomo.
905 805 946 862 Ex
964 804 1021 860 ire·
1071 798 1120 853 ris.
1885 858 1890 868 ἱ

234 913 329 985 quenti
357 910 430 967 enirn
454 923 541 966 sacrae
564 905 713 978 Scriptura
744 899 920 958 meditatione
947 896 1023 952 inar·
1107 887 1308 959 Apprebeudanr
1322 895 1356 955 tc,
1368 896 1393 942 et
1405 887 1501 942 dacum
1514 888 1542 942 in
1557 888 1666 943 domam
1679 892 1773 945 matris
1786 904 1860 946 mro.
1980 888 1981 901 ¹

233 1006 319 1064 deecit
338 1004 477 1070 ebaritas;
490 1001 527 1057 ibi
539 999 613 1057 enim
632 992 851 1063 intenitnrnuod
865 991 1023 1047 nobiscon·
1108 978 1306 1048 deliniendam
1325 987 1359 1045 te,
1373 978 1399 1033 id
1417 986 1460 1034 esi
1473 993 1581 1034 summa
1597 978 1744 1036 dilectione
1755 982 1861 1050 ampie-

235 1097 294 1151 tnlit
311 1095 437 1151 Cirristus
464 1091 616 1151 εεειιιιιιιιιιι
641 1088 717 1161 quod
736 1087 809 1142 Deus
822 1092 851 1140 et
870 1080 1022 1140 secundom
1073 1082 1143 1136 ctam
1160 1081 1185 1127 et
1203 1072 1299 1126 ducam
1313 1073 1339 1126 ie
1352 1072 1459 1127 domum
1473 1073 1567 1128 taetris
1583 1089 1657 1129 mroe.
1673 1072 1760 1131 blatea
1773 1073 1863 1147 virgi.

232 1189 304 1260 quod
321 1189 413 1242 bomo.
1073 1162 1117 1218 nis
1132 1161 1274 1234 Syxtagnga
1290 1171 1348 1229 cst;
1365 1163 1445 1233 cujus
1460 1163 1613 1235 synagogae
1627 1164 1728 1220 domus
1740 1173 1768 1220 ct
1781 1166 1862 1221 cubi-

270 1278 458 1349 ltandragoroe
483 1274 613 1330 dederant
638 1272 744 1328 odorem
777 1285 856 1325 acram
879 1268 909 1322 in
936 1267 1022 1338 portia
1073 1254 1166 1310 culum
1184 1263 1260 1308 tetus
1281 1265 1326 1311 est
1347 1255 1390 1310 lcx
1408 1255 1437 1310 iu
1451 1271 1505 1326 qua
1529 1256 1645 1312 habitat.
1660 1256 1689 1312 lu
1711 1259 1862 1328 lraneergo

232 1370 341 1425 ῃωιεις,
466 1354 470 1359 ’
1072 1348 1185 1404 donnum
1207 1347 1265 1403 sire
1282 1346 1441 1402 cubiculum
1461 1347 1610 1403 introducit
1625 1362 1689 1404 eom
1709 1347 1791 1420 Virgo
1805 1348 1865 1404 bia·

268 1460 340 1528 Quid
355 1472 404 1531 pe,
415 1457 625 1529 mmmmm,
641 1453 756 1510 herbam
781 1451 888 1509 ,cinget
906 1448 1021 1505 meppea.
1073 1436 1130 1491 ria:
1142 1436 1252 1507 quando
1268 1435 1361 1491 omnia
1375 1450 1437 1506 quae
1452 1436 1486 1492 de
1500 1450 1534 1493 eo
1546 1438 1573 1491 iu
1584 1436 1675 1493 veteri
1687 1437 1863 1495 Testamenta

235 1552 324 1608 natam
338 1560 365 1606 et
390 1546 568 1614 odoriferam,
591 1545 643 1601 nisi
661 1541 794 1614 perlectis
817 1540 949 1596 uirttrtum
961 1537 1022 1609 glo·
1074 1527 1175 1598 scripta
1190 1535 1255 1583 ειιιιι
1268 1527 1414 1597 diligenter
1429 1528 1586 1585 considerat
1598 1540 1625 1584 et
1640 1530 1768 1601 tutelligit
1782 1547 1862 1585 aera·

232 1643 313 1698 rtose
333 1639 451 1711 Virginis
461 1635 641 1707 iatdttgtmrt
657 1633 730 1701 ona
743 1633 810 1688 dnm
829 1629 953 1700 exempla
972 1628 1022 1682 bo·
1075 1621 1143 1677 citer
1163 1619 1191 1675 io
1211 1618 1322 1677 Cbristo
1343 1618 1535 1692 completalit
1550 1620 1603 1677 lroc
1620 1624 1751 1693 estquod
1771 1625 1864 1694 sequi·

232 1745 331 1788 nomm
356 1742 472 1801 operum
492 1728 710 1795 circumquaque
723 1738 770 1792 per
796 1722 896 1777 bonnm
919 1718 1021 1774 tamam
1038 1689 1059 1748 Β
1074 1722 1141 1769 tur:

234 1822 341 1883 tribuit.
358 1820 439 1891 quasi
451 1817 564 1874 odorem
580 1831 637 1887 quo
648 1814 744 1886 aegroti
760 1820 907 1877 sanantur,
927 1823 1024 1879 asper·
1110 1803 1155 1861 lii
1174 1822 1215 1861 me
1229 1805 1334 1862 docebis
1350 1815 1376 1861 et
1391 1806 1460 1861 dubo
1479 1805 1528 1862 tili
1543 1807 1667 1879 poculum
1680 1820 1713 1862 ex
1727 1808 1787 1863 nino
1800 1824 1863 1864 con·

235 1913 284 1986 git.
306 1910 340 1965 Et
351 1912 404 1965 boo
414 1910 442 1963 in
456 1909 552 1980 portia,
573 1906 600 1961 id
614 1914 656 1961 est
670 1903 698 1960 in
713 1903 870 1968 uirtutibus,
885 1915 946 1972 quae
959 1908 1024 1956 sunt
1073 1895 1170 1960 diram,
1182 1903 1207 1950 et
1221 1906 1338 1951 necatam
1351 1896 1482 1951 maloram
1499 1905 1674 1967 granatorum
1686 1915 1815 1955 mearam.

236 2012 322 2078 portae
346 2003 491 2059 advitam.
511 1997 568 2056 Nee
585 1997 674 2054 solum
688 1994 876 2065 morrdrogore
893 1991 1023 2045 dederant
1111 1985 1164 2051 ili,
1182 1986 1210 2041 id
1234 1996 1277 2043 est
1297 1987 1325 2042 in
1348 1986 1434 2044 leteri
1450 1985 1628 2046 Testamenta
1649 1990 1754 2045 dooebis
1770 2009 1821 2059 me,
1835 1992 1862 2047 id

233 2097 440 2160 odoraminum,
455 2092 545 2150 sedet
1074 2086 1116 2133 cst
1130 2076 1238 2148 aperies
1253 2076 1321 2132 mibi
1339 2092 1450 2135 sensum
1467 2086 1498 2133 ot
1517 2079 1667 2149 intelligam
1689 2081 1782 2139 omnia
1801 2097 1864 2152 quae

272 2185 368 2243 Omnia
383 2198 462 2254 poma
489 2188 596 2237 nannet
619 2187 719 2247 vetera,
731 2177 827 2232 dilecte
849 2177 905 2244 mi,
921 2179 1024 2233 seruati
1075 2168 1102 2222 ⁵¹¹
1118 2166 1186 2239 Ῑθιθι
1201 2169 1344 2239 l>f⁰li¹¹elis
1358 2175 1387 2224 0²
1401 2169 1516 2240 psalmis
1531 2170 1634 2251 ⁸⁰lest
1644 2180 1710 2227 ⁸⁰⁰⁸
1726 2172 1760 2228 (1⁸
1778 2180 1814 2228 ²⁰·
1829 2171 1864 2226 El

237 2279 295 2334 „gg
1074 2257 1143 2314 dabo
1162 2259 1212 2314 titt
1229 2259 1354 2330 poculum
1368 2275 1400 2314 ea
1414 2260 1473 2315 nitro
1488 2260 1634 2316 conditam.
1650 2259 1782 2318 Poculum
1797 2266 1864 2319 vino

271 2346 330 2425 ηοξ
350 2375 403 2431 031,
427 2373 564 2436 pfaeoepp,
580 2365 624 2420 agl
643 2363 795 2420 sententias
820 2361 863 2417 vat
886 2361 1024 2432 promissa
1074 2350 1216 2406 conditum
1227 2350 1303 2407 dedit
1313 2351 1389 2422 virgo
1404 2349 1490 2407 ilaris
1501 2350 1621 2420 Christo,
1634 2353 1745 2424 quando
1756 2352 1863 2411 Nouum

235 2457 304 2513 Noti
329 2467 357 2513 et
383 2455 488 2512 Veteris
501 2441 669 2510 Testamenti
689 2452 790 2509 seranni
813 2451 871 2518 tibi,
886 2451 912 2505 id
928 2461 970 2506 cst
989 2451 1025 2507 ad
1076 2443 1283 2498 Testamentum
1299 2457 1454 2499 cottsbnare
1469 2441 1561 2499 Veteri
1586 2444 1719 2500 intellexit
1740 2446 1768 2501 in
1790 2447 1862 2518 ipso.

236 2563 338 2605 nomen
367 2554 444 2602 tuum
469 2552 498 2601 ει
512 2548 541 2600 in
555 2553 581 2599 te
596 2558 646 2613 per
671 2541 850 2611 teimplenda
870 2540 1023 2597 esseintci·
1075 2534 1110 2591 Et
1126 2534 1206 2605 quasi
1226 2536 1292 2589 nino
1308 2535 1437 2607 poculum
1453 2535 1676 2608 condicit3quia
1690 2537 1861 2594 dulcedinem

237 2638 304 2693 lexi.
321 2636 385 2692 Scio
400 2634 475 2692 enim
493 2633 586 2689 omnia
600 2647 661 2703 quae
681 2632 709 2687 in
735 2629 824 2686 Veteri
849 2628 1026 2685 Testamenta
1076 2626 1216 2698 Evangelii
1234 2628 1400 2685 testimoniis
1413 2628 1481 2700 legis
1501 2645 1563 2700 quae
1583 2645 1680 2701 aspera
1700 2639 1752 2697 est,
1768 2639 1798 2686 ιιι
1819 2647 1864 2687 ro·

238 2727 402 2785 aurrtnttiata
428 2732 502 2793 suut,
523 2739 578 2780 uon
598 2723 652 2779 nisi
680 2732 729 2778 tua
753 2720 918 2777 auctoritate
943 2734 1026 2791 posse
1076 2716 1184 2773 brictius
1199 2727 1333 2786 teneatur,
1346 2718 1505 2792 tingendam
1517 2734 1579 2777 esse
1592 2721 1729 2790 coguovit.
1744 2718 1778 2774 Et
1792 2735 1862 2791 prm·

236 2819 356 2890 impleri.
372 2814 426 2871 Per
437 2828 519 2886 poma
540 2820 632 2869 autem
658 2825 801 2867 sacrarum
817 2808 1025 2879 scripturarum
1076 2821 1150 2868 terea
1162 2812 1233 2869 dabo
1249 2813 1297 2869 tibi
1317 2824 1434 2869 nanctum
1451 2814 1584 2870 maloram
1603 2822 1776 2886 granatorum
1791 2830 1864 2869 meo·

236 2924 335 2967 seorsus
350 2906 548 2978 intelliguntur,
562 2903 611 2974 qni
625 2901 691 2957 dum
704 2917 720 2956 a
733 2901 837 2957 satietis
847 2897 975 2955 Patribus
991 2899 1026 2955 ad
1077 2905 1181 2971 ram,id
1191 2914 1233 2961 cst
1245 2906 1377 2977 praedicto
1388 2904 1511 2961 modoad
1525 2915 1551 2961 te
1562 2904 1680 2961 reseram
1691 2905 1863 2976 spiritualem

237 3015 290 3057 nos
305 2998 466 3071 perueniunt
482 3003 509 3052 et
523 2995 690 3063 creduntur,
705 2991 784 3064 quasi
798 2991 944 3063 quemdam
958 2990 1061 3082 odo-c
1077 2995 1284 3067 intelligentiam
1304 2997 1389 3051 inme
1407 2995 1556 3052 lervetttem
1573 3012 1622 3069 per
1635 2996 1761 3053 crebram
1777 2995 1865 3051 medi·

237 3105 297 3147 rem
314 3105 363 3163 per
385 3088 553 3146 intellectum
566 3085 677 3158 pariunt
696 3093 724 3140 et
741 3093 860 3139 mentem
876 3081 1027 3154 spirituali·
1076 3087 1218 3143 tationem.
1231 3086 1264 3143 tit
1276 3088 1344 3144 bene
1355 3088 1500 3160 mysticum
1512 3103 1642 3156 εειιειιιιις
1655 3096 1775 3143 mustum
1786 3096 1864 3143 vocat

239 3181 451 3241 ter’relleiunt.
466 3178 548 3251 Ergo,
568 3176 715 3245 oCbriste,
737 3186 766 3232 tu
787 3174 933 3246 quimodo
955 3174 1026 3231 esiu
1076 3177 1150 3249 qrtod
1180 3179 1249 3234 adeo
1266 3179 1499 3236 ferventissimum
1513 3188 1567 3247 est,
1581 3187 1611 3235 ut
1629 3195 1738 3236 omnem
1754 3180 1863 3236 sordem

239 3275 303 3332 sinu
314 3273 414 3337 Patris.
428 3284 540 3326 assume
547 3266 665 3323 lormam
677 3265 808 3321 bominis.
1078 3269 1165 3323 niruio
1180 3268 1287 3325 ier-nore
1299 3284 1314 3323 a
1328 3283 1359 3325 se
1371 3279 1518 3341 excoquat.
1531 3269 1602 3337 Quia
1616 3270 1768 3341 spiritualis
1783 3270 1865 3325 intel·

489 3357 692 3417 cnbttbttttt
708 3356 775 3413 l'ili.
1078 3358 1187 3431 ligentia
1206 3360 1273 3430 legis
1289 3358 1416 3417 blosnicae
1427 3376 1443 3417 a
1456 3377 1488 3418 se
1501 3362 1644 3418 litteralem
1659 3377 1771 3419 sensum
1784 3364 1865 3433 qttasi

274 3458 341 3523 Quis
365 3455 429 3510 milri
454 3454 498 3508 det
518 3462 543 3505 te
554 3452 669 3522 fratrem
688 3466 775 3503 meam
793 3458 928 3520 augentem
945 3447 1027 3503 alera
1078 3450 1172 3507 laecem
1185 3449 1359 3507 eliminatlit
1373 3451 1435 3507 ideo
1446 3452 1511 3522 quia
1523 3453 1585 3523 ejus
1601 3452 1716 3523 gratiam
1728 3462 1756 3508 et
1770 3450 1866 3507 inoda-

238 3552 421 3615 matriamen,
439 3557 469 3602 nt
487 3545 619 3601 inueniam
632 3551 658 3598 te
679 3543 765 3613 soria?
1078 3543 1162 3600 bilem
1176 3543 1348 3600 dnlcedinem
1365 3544 1466 3613 sentio,
1479 3544 1537 3616 jam
1556 3553 1666 3601 terrena
1680 3544 1773 3600 omnia
1787 3552 1866 3614 post·

276 3641 329 3696 Sed
338 3641 397 3711 quir
413 3638 478 3692 ntilri
496 3636 540 3691 det
559 3644 583 3690 tr
608 3635 720 3705 tratrem
741 3650 838 3702 meam,
856 3633 883 3688 id
896 3642 950 3701 est,
964 3635 1028 3705 quis
1077 3653 1161 3711 pono,
1183 3638 1270 3708 ipsam
1294 3638 1378 3692 etiam
1402 3637 1485 3693 uitam
1508 3638 1601 3694 carrus
1623 3652 1673 3709 pro
1693 3636 1754 3708 ejus
1772 3652 1866 3693 autore

239 3732 346 3790 allicere
369 3730 481 3801 poterit,
508 3737 539 3784 ut
553 3726 690 3799 particeps
706 3741 773 3781 mcae
787 3735 892 3781 araturae
906 3726 1029 3781 existens
1078 3741 1237 3801 courtemno,
1247 3738 1276 3787 et
1291 3731 1325 3786 ad
1342 3729 1403 3798 ejus
1420 3730 1618 3785 beatitudiuem
1641 3729 1785 3785 videndam
1802 3730 1866 3785 totis

240 3832 326 3886 irater
338 3826 499 3899 appelleris3
514 3834 549 3893 te,
559 3824 827 3895 inquam,angentem
839 3821 920 3877 abero
933 3822 1027 3876 matria
1078 3824 1221 3881 desideriis
1240 3825 1351 3881 anbelo.
1364 3823 1447 3896 Virgo
1471 3825 1545 3880 enim
1566 3825 1652 3881 menti
1677 3839 1734 3882 suae
1753 3839 1785 3879 ca
1805 3839 1867 3894 qaum

239 3937 315 3986 nme,
336 3921 390 3977 boe
404 3927 447 3977 est
472 3924 661 3974 assumentem
687 3915 871 3986 omniaque
900 3906 1029 3969 bumalrae
1078 3915 1190 3972 videbat
1211 3913 1366 3987 supposuit,
1388 3922 1416 3969 et
1435 3929 1467 3970 ea
1491 3930 1554 3985 quae
1579 3931 1635 3971 non
1657 3916 1767 3972 uidebat
1791 3914 1866 3971 omni

240 4009 660 4080 uaturaesuntabsquepeccato
677 4005 816 4062 nisilleus
829 4004 929 4062 Pateri
942 4004 1029 4061 blatcr
1075 4018 1179 4066 aonam
1204 4017 1233 4065 et
1255 4008 1392 4064 universis
1418 4006 1634 4075 cogitationibus
1658 4009 1781 4077 appetiit,
1806 4023 1868 4078 qoae

242 4106 361 4180 Virginis
384 4103 531 4178 Synattoga
557 4101 670 4169 dicitur,
694 4101 728 4156 de
753 4115 808 4171 qua
831 4098 973 4154 descendit
1001 4106 1031 4152 ει
1077 4108 1157 4155 ιειιιο
1172 4098 1309 4155 desiderio
1322 4098 1445 4154 ccelestia
1459 4097 1634 4163 sectabatur,
1651 4105 1681 4150 ut
1694 4096 1787 4151 omnia
1802 4096 1868 4150 visi·

241 4197 378 4253 cbristus.
396 4192 499 4266 Sngere
517 4208 582 4264 ergo
592 4192 677 4247 ubera
693 4189 787 4246 llatris
797 4189 913 4260 virginis
923 4196 965 4245 cst
982 4202 1030 4244 su·
1079 4193 1144 4249 bilia
1158 4206 1208 4263 pro
1223 4190 1309 4246 nibilo
1328 4197 1469 4260 reputaret
1483 4198 1602 4245 mentem
1615 4203 1694 4243 suam
1709 4188 1868 4246 celestibus

243 4299 307 4356 gere
320 4285 404 4340 ubera
419 4282 580 4357 synagogae.
597 4280 781 4337 introducitur
796 4289 887 4335 autem
900 4278 1030 4349 lnictirgo
1083 4285 1228 4343 desideriis
1246 4298 1387 4354 rteeapans
1399 4283 1421 4337 ⁸.

240 4374 325 4433 liaria
334 4375 449 4446 loquens
459 4374 610 4430 menradum
621 4380 734 4438 statum,
743 4371 770 4427 in
782 4377 905 4442 quoerat
917 4370 1028 4441 qnatrdo
1043 4366 1066 4423 b
1115 4378 1195 4434 Lm
1208 4377 1266 4448 aja,
1281 4378 1329 4433 ,aa
1345 4379 1430 4448 cappe
1445 4385 1545 4444 meme
1560 4375 1670 4431 angera
1681 4375 1757 4430 5115„
1768 4374 1869 4445 ampo.

240 4466 409 4536 respondens
420 4464 527 4536 angelo,
542 4465 600 4521 ait:
618 4484 629 4518 r
646 4463 718 4522 Ecce
733 4463 833 4520 ancilla
849 4463 969 4528 Domini,
982 4464 1029 4517 bat
1080 4471 1190 4526 anstrat
1206 4485 1256 4524 aaa.

242 4541 311 4610 nt'ibi
334 4552 485 4610 secundnm
510 4554 624 4609 verbum
642 4562 718 4608 tuum
737 4555 814 4624 (bac.
840 4553 871 4625 ι).
887 4570 897 4604 ι
913 4551 948 4606 Ει
966 4551 1030 4621 quis
1116 4559 1171 4616 lata
1186 4574 1253 4630 ergo
1271 4559 1366 4614 laecam
1383 4559 1436 4615 sub
1453 4558 1542 4628 capite
1552 4557 1681 4622 babebat,
1697 4556 1763 4626 qnia
1778 4564 1870 4611 tuente

243 4644 325 4699 etiam
338 4643 384 4699 det
396 4653 425 4698 nt
437 4645 568 4699 inueniam
582 4643 817 4714 maolrtmsorinid
831 4651 873 4698 est
890 4651 921 4697 ut
933 4655 1031 4713 agnos·
1081 4660 1171 4707 erecta
1194 4651 1228 4705 ad
1250 4649 1445 4706 beatitudinem
1471 4650 1555 4704 vitam
1582 4658 1743 4719 pauentem
1765 4646 1818 4702 sub
1840 4662 1871 4702 se

243 4750 304 4793 cam
329 4737 493 4793 inhumana
516 4745 616 4794 natura
635 4738 808 4794 incarnatum
828 4736 862 4791 de
884 4751 943 4793 mea
963 4738 1030 4792 sub
1082 4742 1288 4814 portabantur
1307 4743 1418 4797 dextera
1433 4738 1536 4797 christi
1563 4755 1624 4795 eam
1647 4737 1868 4807 amplexabatur,
1912 4769 1915 4777 ·

244 4827 365 4884 standai
379 4826 465 4896 Quasi
484 4829 558 4885 enim
578 4828 652 4886 Deus
673 4831 747 4887 intus
762 4839 822 4886 erat
845 4844 909 4884 cum
920 4829 948 4883 in
967 4830 1031 4886 siun
1082 4834 1146 4903 qnia
1158 4849 1192 4887 cx
1207 4832 1282 4886 oanni
1299 4841 1377 4902 parte
1391 4831 1512 4888 coelestis
1523 4845 1585 4886 eam
1598 4829 1710 4886 dilectio
1729 4827 1867 4884 tuebatur.

243 4916 336 4977 Patris
365 4918 486 4988 latebat,
513 4920 561 4977 sed
596 4921 663 4977 loris
688 4921 816 4978 interitus
841 4928 895 4989 est,
918 4935 981 4978 com
1002 4935 1032 4976 se
1081 4922 1191 4993 Etonia
1205 4920 1285 4992 llirgo
1302 4924 1328 4976 iu
1344 4920 1576 4992 contemplatione
1589 4927 1648 4975 erat
1667 4917 1733 4974 dum
1754 4918 1869 4984 reniret,

245 5010 351 5069 mtrndo
364 5004 501 5067 visibilem
513 5013 639 5083 prebuit.
1082 5015 1263 5086 evangelistas
1275 5014 1402 5070 cbristus
1416 5015 1545 5069 admonet
1560 5027 1594 5068 ne
1604 5010 1744 5082 Virginem
1763 5027 1778 5066 a
1795 5025 1870 5066 sorn-

283 5099 317 5154 m
328 5098 464 5156 deosculer
476 5112 512 5169 te,
523 5103 614 5174 etjam
632 5120 755 5160 matrerm
769 5104 909 5175 despiciat.
1083 5123 1120 5162 no
1138 5107 1378 5177 contemplationis
1398 5106 1551 5163 excitantes
1570 5106 1607 5163 ab
1623 5121 1656 5162 ea
1670 5115 1871 5179 quarantenae

281 5190 425 5248 natanta
438 5200 473 5264 te,
486 5192 514 5248 id
527 5204 569 5252 est
590 5197 706 5253 muitum
723 5196 841 5253 delecter
865 5200 892 5251 ln
908 5204 936 5251 te
952 5207 980 5253 et
1002 5205 1031 5252 ιιι
1084 5197 1171 5269 gessit
1184 5196 1311 5253 Christus
1327 5197 1355 5251 in
1370 5211 1464 5263 carne,
1477 5197 1529 5254 nisi
1544 5199 1657 5267 quando
1674 5198 1734 5268 ipsa
1750 5196 1805 5252 iliis
1820 5208 1871 5248 vo·

246 5280 391 5340 delecteris
407 5283 435 5339 in
460 5299 504 5341 me
520 5303 528 5341 ε
543 5294 568 5341 et
583 5303 657 5343 nemo
672 5288 731 5359 jam
751 5288 944 5358 medeapicict,
959 5289 1035 5345 sicut
1085 5289 1167 5344 luerit
1192 5288 1323 5344 revelare.
1340 5286 1404 5343 Fuit
1428 5290 1502 5345 enim
1525 5299 1634 5361 tempus
1655 5289 1766 5360 quando
1787 5287 1871 5357 Virgo

246 5372 335 5445 prius,
348 5371 404 5447 45
418 5387 566 5448 numquam
586 5380 694 5436 uenires
708 5380 736 5435 iu
750 5393 806 5438 ma
815 5378 886 5449 Quia
896 5388 960 5436 aute
970 5378 1035 5435 Filii
1086 5379 1311 5450 contemplationi
1331 5380 1450 5447 uacauit,
1463 5380 1515 5436 luit
1528 5390 1638 5455 tempus
1654 5382 1766 5453 quando
1784 5378 1871 5435 runlta

880 5516 997 5577 VbiiiAE
1017 5515 1219 5576 anemonas.

283 5615 362 5671 iila.
378 5618 556 5688 spiritualiter
569 5622 715 5696 implendo.
765 5625 841 5682 'tta
864 5625 960 5685 litter.
977 5628 1037 5688 sine
1059 5628 1262 5687 intermissione
1282 5638 1432 5702 occupant.
1468 5629 1569 5686 ’idern
1585 5629 1730 5687 nannidet.
