3992 6042
128 360 159 417 la
173 374 288 430 superas
300 359 394 418 ablere
407 359 517 426 domos,
527 366 690 429 secretaque
699 359 762 417 coll

129 451 250 509 Scrutati
264 466 390 508 meruere
400 450 452 508 sibi
469 449 579 506 deitatis
590 449 724 506 honorem

127 541 186 600 lllic
199 550 285 608 astra,
297 542 387 614 polos,
401 542 513 609 ceolum,
531 549 694 613 septemque
703 540 827 612 planetas

126 634 254 693 Corrsullt
265 633 442 702 Albumasar,
456 633 591 705 terrisque
605 640 726 706 reportat
739 648 834 691 eorum

105 732 112 814 ὲ
126 726 293 792 Cortsiliurn,
307 735 395 784 terras
409 741 531 793 armans,
550 726 719 795 firmansque
732 724 833 782 caduca

126 819 230 879 contra
244 821 371 876 crelestcs
381 819 450 886 iras,
462 833 650 889 superumque
664 816 797 873 iurarem.

101 906 106 915 ⁴
126 911 266 982 dstraqne
280 917 427 976 susmntat,
439 909 504 965 dum
515 916 687 967 sustentatur
701 907 735 964 ab
750 907 835 964 astris

127 1003 248 1062 Atlantis
260 1004 360 1071 uirtus,
375 1003 440 1060 omli
452 1002 513 1060 sine
526 1002 650 1074 pondere
663 1001 772 1072 pondus

126 1094 232 1161 Gestat,
247 1094 300 1151 lert
310 1093 412 1150 crolum
425 1093 491 1149 dum
508 1091 608 1159 iertur,
623 1091 745 1163 dumque
755 1088 869 1147 ferendo

31 1208 35 1211 ·
126 1185 268 1243 Sideribus
281 1185 364 1252 mdiu
379 1185 486 1242 cedenti
497 1183 588 1240 sidera
603 1184 713 1241 cedunt.

126 1273 183 1331 llas
193 1275 277 1348 igitur
288 1290 389 1332 currus
403 1284 496 1346 partes
511 1284 542 1332 ut
555 1290 651 1331 norma
666 1273 793 1345 requirit,

126 1366 200 1423 Ordo
212 1368 291 1439 petit,
306 1367 395 1438 poscit
407 1368 489 1434 ratio,
503 1368 650 1439 prudentia
662 1367 758 1431 dictat,

125 1456 209 1513 (ludit
220 1466 248 1513 et
258 1458 380 1525 excudit,
393 1457 469 1525 lacit,
482 1458 538 1513 imo
552 1459 670 1530 perlicit,
684 1466 777 1527 ornat,

125 1545 303 1619 Exornatque
314 1547 398 1603 simul
407 1548 474 1603 lima
487 1549 603 1605 meliore
615 1563 745 1606 sororum

126 1637 288 1695 Praetentate
301 1640 412 1707 cohors,
426 1641 588 1712 nudumque
599 1641 731 1713 relinquit
744 1641 772 1697 itt
786 1640 843 1697 illis

124 1730 254 1789 Enormls
268 1731 363 1789 torma
377 1733 497 1800 vultum,
514 1734 663 1790 maculaeve
675 1734 830 1807 querelam,

124 1824 326 1898 Apponerrsque
338 1842 451 1883 manum
463 1842 631 1898 supremam,
648 1827 707 1883 sine
717 1828 798 1884 beato

124 1914 300 1975 Concludeus
315 1933 439 1989 operam,
457 1935 569 1990 sparsas
578 1917 734 1975 Concordia
749 1929 841 1991 partes

125 2005 237 2075 Ordine,
250 2007 319 2080 lege,
334 2009 407 2076 loco,
419 2007 600 2077 couloederat,
613 2011 684 2078 unit,
700 2011 835 2084 adaequat.

124 2095 196 2171 Ergo
206 2098 347 2170 junctura,
359 2100 456 2168 clavis,
475 2116 603 2173 nexuque
614 2101 705 2173 ligatae

122 2187 221 2245 Partes
230 2189 350 2261 effigiant
362 2207 486 2261 currum,
498 2193 545 2265 qul
561 2193 623 2250 luce
637 2193 746 2251 decoris

122 2278 298 2338 Praeradiaus
312 2281 383 2339 lacie
394 2286 505 2356 propria
515 2286 687 2343 demonstrat
700 2287 727 2342 in
739 2287 800 2360 ipso

123 2370 253 2431 bicinam
273 2375 388 2432 sudasse
409 2392 534 2443 suanum,
552 2392 740 2452 superumque
750 2379 911 2439 lliuerram.

123 2578 305 2653 Raticqointa
317 2599 396 2654 eques
406 2583 497 2656 jungit
521 2585 613 2641 currui
632 2586 798 2655 Prudentia,
812 2587 913 2644 seilicet

159 2653 399 2796 {inimicam
409 2654 517 2780 izrirnto
536 2673 628 2729 equus,
640 2659 710 2713 trister
721 2666 770 2715 est.
785 2659 912 2725 deditus,

401 2743 416 2778 a
433 2764 442 2784 .

124 2835 204 2893 Tunc
218 2836 298 2894 ilatio
316 2839 422 2895 monitu
437 2837 549 2896 Naturae
561 2841 643 2899 docta
661 2843 788 2901 docentis

122 2927 250 3001 Quinque
266 2931 320 2988 sibi
333 2941 480 3002 presentat
492 2948 672 3007 aquasquas
686 2935 803 2994 ioederat
813 2936 859 2992 illa

122 3021 237 3081 Foederc
249 3026 423 3097 complacito,
438 3027 568 3084 concordi
583 3044 660 3100 pace,
678 3030 752 3086 lldcli

121 3113 268 3183 Connexu,
284 3117 412 3190 cogitque
421 3118 489 3192 jugo
504 3118 607 3176 seruire
617 3120 725 3193 iugales

121 3205 284 3279 Indomitos,
296 3212 394 3281 primis
406 3228 477 3285 «quos
490 3214 624 3272 enutrivit
637 3217 672 3272 ab
687 3216 767 3276 anuis

121 3297 217 3357 Gratia
229 3311 344 3370 naturae,
358 3319 419 3375 quae
433 3303 474 3362 sic
487 3305 620 3364 instruxit
632 3304 751 3380 equinos

121 3389 213 3449 llores
226 3384 270 3450 his
284 3395 370 3450 animi
386 3397 512 3468 quaedam
527 3401 643 3474 vestigia
656 3402 774 3472 donans,

124 3482 161 3540 lJt
173 3487 299 3557 quamvis
311 3486 395 3556 bruti,
411 3498 501 3547 tamen
514 3492 542 3547 bi
553 3502 719 3551 venerentur
730 3497 882 3557 alumnam.

122 3575 239 3649 insuper
257 3578 432 3651 inquantum
447 3585 551 3655 patitur
565 3594 665 3642 natura
676 3587 791 3660 jugalis,

123 3664 227 3724 llorum
242 3668 361 3740 quisquc
376 3687 433 3728 suae
448 3683 553 3730 unturae
563 3691 678 3732 munera
688 3677 785 3749 jactat.

121 3761 206 3835 350
219 3761 263 3817 uit
274 3764 379 3833 cultus,
390 3764 540 3838 formaque
551 3768 619 3825 nibil
633 3771 789 3844 peregrinat
798 3773 833 3829 ab
845 3773 910 3844 illis,

122 3853 202 3923 Quod
216 3856 295 3943 plene
311 3857 399 3928 possit
415 3859 535 3931 speciem
547 3863 690 3919 cumulare
701 3863 816 3937 jugalis.

15 3938 19 3945 ’
122 3946 233 4005 Primus
244 3963 333 4029 equus
348 3951 435 4019 cultu,
450 3951 552 4022 forma,
566 3970 706 4029 cursuque
717 3956 826 4015 sodales
880 4016 884 4025 ,

122 4026 267 4105 ereverit,
279 4048 306 4095 et
318 4040 440 4112 reliquos
450 4045 561 4115 proprio
572 4046 708 4103 submittit
721 4048 830 4105 honori.

122 4126 231 4197 Cultus,
245 4124 346 4199 lorma,
358 4132 446 4199 color,
461 4136 578 4206 speeies,
596 4138 722 4206 andacia,
736 4155 835 4197 cursus

122 4219 197 4277 bitat
216 4238 291 4294 eum,
307 4239 358 4281 nec
378 4225 406 4281 in
425 4225 479 4284 hoc
500 4228 603 4300 patitur
624 4230 680 4313 sibi
700 4232 811 4297 detorta,
835 4233 910 4304 quod

680 231 998 303 nuncbtttutuuttsj
1013 269 1054 289 -
1069 239 1135 299 ΗΒ.
1157 237 1199 297 Ν.

930 361 955 420 t
967 352 1104 414 Nobilitas
1117 354 1225 427 generis
1239 353 1359 427 cyrum
1370 355 1412 425 ⁸0,
1427 370 1548 431 nomque
1563 370 1706 429 parentem

966 445 1066 513 lactat,
1084 457 1112 503 et
1126 447 1154 502 in
1167 446 1281 517 speculo
1296 448 1382 519 prolis
1392 457 1470 520 pater
1484 450 1543 522 lpse
1555 450 1681 509 resultat.
1756 480 1758 485 ⁴

966 534 1047 595 Hunc
1058 538 1133 595 dedit
1146 538 1174 594 in
1187 554 1289 594 munus
1302 537 1417 597 Jovialis
1430 542 1518 614 graba
1530 544 1612 600 matri

964 627 1086 697 Natura,
1100 631 1181 701 cadus
1195 638 1286 701 grates
1298 631 1446 704 dandaque
1457 632 1578 692 levorem

966 720 1132 777 Accumulat
1144 722 1210 783 doni
1226 723 1436 796 meritumque
1450 741 1565 784 munere
1579 727 1672 800 majus

965 796 1010 868 brt
1021 813 1111 884 potuit
1125 821 1218 871 tantus
1234 823 1317 871 tante
1331 814 1458 873 ccnlerrc
1474 819 1592 889 parenti.

965 901 1016 960 llis
1029 905 1123 977 igitur,
1135 905 1210 961 reim
1223 905 1312 977 ipsius
1326 915 1425 963 natura
1436 910 1562 980 requirit.

965 994 1131 1054 Nobilitatur
1143 998 1208 1069 equi
1221 997 1339 1070 species,
1355 999 1485 1073 infraque
1499 1003 1639 1061 mundas

964 1088 1053 1146 Pallet
1062 1104 1162 1161 equus,
1174 1091 1265 1147 minor
1279 1092 1307 1148 in
1320 1092 1422 1164 specie,
1438 1095 1570 1166 cultuque
1585 1098 1699 1168 minori,

964 1182 1063 1240 Cultus
1076 1194 1104 1239 ct
1117 1182 1244 1249 inferior,
1260 1200 1400 1257 cursuque
1414 1187 1558 1246 remissior
1572 1190 1631 1246 illo.

964 1272 999 1329 Et
1015 1276 1142 1343 quanvis
1157 1275 1247 1331 minor
1259 1290 1275 1331 a
1287 1276 1388 1347 primo,
1399 1277 1545 1350 formaque
1558 1280 1708 1352 secundus,

964 1363 1015 1424 Est
1029 1367 1162 1423 tamenin
1177 1367 1291 1439 reliquis
1302 1368 1402 1440 major,
1418 1370 1581 1443 primusque
1598 1373 1708 1431 decoris

964 1455 1088 1521 llunere,
1100 1456 1148 1513 sed
1169 1458 1290 1529 reliquos
1310 1476 1445 1531 superans
1467 1471 1615 1534 superatur
1634 1465 1670 1523 ab
1684 1479 1751 1525 unc.

964 1547 999 1606 Et
1016 1550 1040 1606 si
1056 1565 1112 1606 nort
1126 1565 1206 1622 aquo
1221 1568 1302 1622 passu
1319 1554 1486 1610 contendere
1495 1555 1586 1626 pruno

965 1639 1056 1697 Possit
1070 1657 1152 1713 equo,
1168 1658 1224 1699 non
1239 1660 1307 1701 aura
1322 1655 1412 1703 tamen
1428 1646 1541 1719 iugitira
1556 1650 1708 1709 secundum
1760 1719 1762 1721 ,

928 1711 1110 1799 Brraeventt,
1125 1731 1182 1787 imo
1196 1733 1257 1804 pari
1271 1750 1355 1791 cursu
1367 1736 1510 1792 contendit
1520 1736 1622 1794 cidem.

965 1823 1002 1880 b'e
1022 1825 1133 1882 variana
1144 1824 1221 1881 nullo
1234 1826 1422 1898 prescribitur
1438 1828 1485 1885 ille
1497 1829 1605 1898 colore,

964 1916 1020 1973 Sed
1033 1918 1141 1973 uultum
1155 1919 1259 1990 proprii
1276 1920 1409 1976 mentitur
1421 1935 1493 1992 saepe
1508 1919 1621 1977 coloris.

964 2007 1072 2064 lutonat
1086 2008 1132 2064 ille
1146 2008 1277 2078 fremens,
1290 2011 1424 2082 ignitibus
1437 2026 1501 2067 aera
1513 2012 1619 2069 crebris

964 2098 1107 2166 Verberat,
1116 2109 1144 2157 et
1155 2102 1331 2158 tenueruslne
1342 2103 1467 2160 vulneret
1481 2105 1595 2161 vulnera
1607 2120 1705 2161 aurant
1715 2103 1749 2165 ⁸¹.

962 2191 988 2247 tt
1005 2190 1077 2261 collo
1093 2206 1228 2263 suspensa
1244 2206 1329 2248 sonos
1344 2192 1512 2264 crepitacula
1525 2193 1620 2252 dulces

964 2281 1102 2349 Reddunt,
1117 2292 1144 2339 et
1157 2283 1245 2338 multo
1258 2282 1428 2353 perfundunt
1443 2299 1508 2341 aera
1521 2293 1615 2342 cantu.

964 2374 994 2432 ln
1009 2375 1086 2433 rultu
1100 2377 1170 2448 gerit
1184 2375 1231 2432 ille
1248 2378 1446 2449 pausandum
1462 2378 1552 2436 reddit
1562 2377 1651 2436 Eoum

963 2469 1095 2528 Gentibus
1117 2470 1246 2542 huncque
1265 2485 1347 2528 suam
1372 2469 1462 2527 lorma
1490 2470 1589 2543 probat
1618 2485 1680 2528 esse
1702 2484 1753 2544 pa·

1587 2561 1715 2636 [mutem.

962 2656 1125 2715 liuneribus
1138 2644 1273 2730 pratarga
1287 2657 1347 2716 suis
1361 2657 1414 2714 boc
1429 2672 1544 2713 munere
1558 2655 1624 2713 rino

962 2749 1074 2808 Naturae
1086 2750 1241 2807 cumularit
1252 2765 1329 2822 opes,
1342 2749 1500 2821 meruitque
1511 2747 1635 2805 levorem

963 2842 1101 2911 Numinis,
1117 2851 1144 2899 et
1158 2843 1302 2914 proprium
1319 2843 1395 2933 dono
1405 2841 1550 2914 descripsit
1563 2855 1697 2901 amorem.

1268 2954 1385 3021 CAPUT
1403 2955 1448 3012 tlt.

925 3045 947 3106 (i
964 3048 1088 3121 olfactus
1102 3056 1141 3104 est
1152 3049 1246 3102 terties
1260 3064 1351 3119 equus.
1371 3048 1469 3104 Gustus
1479 3058 1517 3104 ert
1533 3056 1643 3121 quartur
1656 3062 1749 3121 equu.

1176 3117 1435 3189 Tactusestqaintsa
1445 3135 1538 3190 equus.

961 3208 1105 3267 Tertiusa
1121 3215 1198 3263 tanta
1213 3205 1314 3277 speclei
1329 3206 1392 3264 luce
1404 3223 1553 3279 parumper

962 3303 1127 3374 obliquatur
1137 3316 1228 3374 equus
1245 3319 1253 3356 a
1270 3301 1404 3357 necerim
1419 3302 1473 3358 sibi
1487 3302 1559 3359 dona
1573 3303 1697 3374 priorum

960 3393 1045 3469 359
1064 3391 1209 3462 Vindicat,
1233 3392 1290 3450 imo
1317 3390 1410 3450 minus
1430 3392 1553 3451 retinens
1573 3395 1695 3465 suspirat
1714 3393 1752 3451 ad

1622 3484 1713 3560 [illos.

959 3578 997 3636 Et
1012 3579 1142 3653 quamvls
1156 3579 1240 3653 bolus
1258 3578 1366 3650 species
1380 3577 1554 3635 tenebrescat
1565 3593 1660 3635 eorum

960 3668 1111 3743 Respectu,
1127 3680 1218 3730 tamen
1229 3672 1264 3729 ad
1279 3671 1403 3744 reliquos
1418 3670 1517 3729 collata
1528 3670 1645 3727 nitorem

960 3762 1069 3834 llxertt,
1081 3774 1110 3822 et
1124 3764 1237 3838 proprio
1254 3779 1312 3821 uon
1325 3775 1368 3822 est
1379 3763 1504 3821 fraudata
1519 3762 1629 3820 decore.

960 3854 995 3912 Et
1010 3856 1138 3929 quamvis
1152 3855 1217 3929 agili
1230 3871 1315 3913 cursu
1331 3856 1457 3912 sineatur
1468 3855 1504 3911 ab
1517 3855 1582 3921 illis,

961 3948 1001 4005 be
1015 3948 1116 4019 quibus
1128 3947 1213 4005 exirit
1226 3961 1328 4014 semro,
1342 3957 1434 4002 umen
1453 3947 1511 4017 ipse
1524 3946 1698 4018 triumphans

959 4042 990 4099 lu
1006 4042 1119 4116 reliquis
1131 4041 1220 4097 victor
1233 4040 1345 4114 gaudet,
1366 4039 1545 4110 reliquosque
1560 4040 1654 4096 volatu

960 4135 1062 4205 Vincit,
1074 4145 1102 4193 et
1115 4135 1143 4192 in
1156 4133 1269 4206 proprio
1282 4142 1359 4190 motu
1373 4130 1514 4190 concludit
1529 4133 1652 4192 eosdem.

961 4228 1077 4287 Subtilis
1088 4227 1223 4299 respergit
1236 4242 1302 4283 eurn
1314 4225 1431 4283 mistura
1444 4224 1558 4292 coloris,

795 4324 872 4381 illum
963 4318 1018 4379 Sed
1032 4320 1141 4391 lugiens
1153 4320 1251 4375 oculos
1265 4320 1358 4375 risum
1372 4315 1451 4374 color
1466 4316 1513 4372 ille
1524 4323 1645 4373 recusat.

121 4390 277 4482 Respersns
289 4412 409 4470 candore
421 4414 497 4471 color
507 4415 638 4473 subrulns
648 4416 768 4474 inaurat.

119 4499 182 4558 llos
196 4512 280 4572 meat,
292 4504 349 4560 imo
362 4506 450 4575 uolat,
465 4522 517 4564 nec
540 4507 614 4564 euim
628 4507 789 4565 discrimine
809 4524 909 4582 passus

119 4590 250 4649 inscribit
262 4602 375 4663 terram,
388 4612 440 4653 nec
457 4612 571 4669 gramen
582 4607 680 4655 currat
691 4599 801 4667 eundo;

120 4683 176 4742 Sed
188 4686 270 4742 celeri
288 4703 372 4746 cursu
385 4698 485 4746 terram
500 4689 602 4748 delibat
614 4691 707 4749 euntis

119 4774 311 4846 ressurectio
327 4788 401 4837 terra
417 4782 531 4854 vestigia
546 4781 621 4838 nulla
633 4782 781 4856 relinquit3

121 4867 175 4926 Sed
192 4870 260 4931 lerls
272 4887 339 4928 aura
355 4889 422 4931 suos
433 4883 526 4946 stupet
541 4875 681 4932 invenisse
693 4876 814 4942 volatus,

119 4958 290 5033 lliraturque
302 4963 346 5020 sul
360 4963 462 5023 Boreas
473 4975 630 5040 torpescere
644 4983 766 5026 cursum.

118 5054 195 5110 Aura
209 5054 293 5123 cadit,
305 5055 433 5115 lentescit
447 5059 518 5129 aris,
529 5059 705 5134 volucrisque
715 5062 830 5135 sagittae.

119 5145 225 5202 Cursus
239 5147 373 5218 hebescit,
386 5152 450 5224 eqni
464 5152 620 5211 lentescunt
630 5154 724 5210 omnia
733 5170 826 5211 cursu.

118 5238 260 5310 Anticipat
274 5241 411 5298 monitum
424 5245 553 5311 calcaris,
565 5258 663 5317 sponte
681 5255 801 5302 meatum

118 5325 294 5399 Aggreditun
306 5329 436 5403 tacitique
450 5342 540 5390 tamen
554 5333 679 5392 irenatur
689 5335 806 5392 habena.

118 5416 255 5479 Praterca
269 5420 348 5478 dotes
360 5424 467 5481 nativas
482 5440 592 5499 aggerat
609 5428 667 5500 ipsa
707 5416 715 5426 ’

922 4388 1085 4469 ”conserti
1103 4410 1181 4467 boris
1191 4409 1278 4468 series
1290 4409 1370 4481 quasi
1381 4420 1458 4466 reste
1472 4409 1579 4466 decenti

959 4502 1143 4570 loduitbunc,
1154 4501 1218 4558 etei
1231 4501 1358 4574 proprios
1369 4500 1485 4573 inspirat
1495 4500 1606 4558 odores.

958 4597 1023 4653 Flos
1033 4594 1112 4652 rioiae
1128 4593 1268 4666 pertundit
1277 4608 1352 4662 eum,
1366 4607 1429 4651 rosa
1443 4592 1533 4651 ebriat
1543 4606 1627 4651 auras
1641 4594 1663 4633 ⁸¹

958 4691 1072 4757 Adines,
1089 4688 1220 4760 narisque
1235 4687 1321 4760 thymi
1333 4687 1452 4744 satiatur
1463 4686 1560 4745 odore.

957 4781 1056 4839 Nescia
1073 4779 1160 4837 nauti
1171 4778 1263 4836 coitus
1277 4793 1360 4850 equa,
1375 4777 1487 4837 demine
1502 4777 1564 4835 solo

960 4874 1053 4931 udicis
1064 4873 1151 4939 bone,
1162 4872 1260 4944 ignara
1278 4872 1375 4936 rearis,
1390 4880 1521 4931 onomata
1532 4871 1629 4931 mariti·

960 4969 1041 5027 deris
1052 4969 1154 5036 ablato,
1174 4966 1300 5041 Zephyro
1314 4967 1455 5040 gravidata
1467 4969 1577 5027 marito.

956 5048 1020 5118 ‘lloc
1031 5058 1107 5117 dono
1121 5057 1263 5132 zepuyrm
1272 5056 1385 5116 Naturae
1398 5060 1495 5118 matris
1508 5071 1633 5119 amomrn

960 5151 1107 5222 llcrcatus,
1116 5152 1260 5224 proprium
1275 5151 1390 5223 vectigal
1402 5153 1485 5210 scirit
1497 5151 1597 5209 uidear.

960 5245 1121 5318 Degenerat,
1136 5243 1276 5316 polletque
1287 5243 1393 5306 mbas.
1404 5242 1649 5301 kntmcltalrunds

960 5335 1082 5404 Quartus
1093 5350 1194 5406 equus,
1213 5333 1357 5406 lormaqnt
1368 5335 1453 5406 iacet,
1467 5347 1607 5405 cursuque
1621 5335 1743 5406 tepescit,

958 5428 1100 5487 Praedictis
1119 5428 1268 5497 famulans,
1282 5428 1345 5485 illos
1355 5429 1437 5500 quasi
1452 5440 1558 5501 pronas
1573 5426 1679 5496 adbrat,

759 5541 879 5621 lebret
896 5541 1101 5603 improbus·

154 5627 178 5662 ⁸·
192 5627 299 5700 Pgrom
309 5646 326 5685 a
338 5632 421 5700 pestis
439 5632 552 5708 fingitur
562 5653 617 5695 eree
632 5654 701 5696 unca
714 5651 744 5695 ea
760 5639 835 5713 equis
850 5636 934 5711 Solis,
946 5648 986 5697 est
996 5640 1078 5698 etiarn
1090 5635 1171 5696 Sidae
1184 5634 1292 5692 Martia.
1330 5632 1353 5669 ⁸¹
1368 5630 1400 5692 l'.
1416 5632 1597 5696 lemurum.
1634 5632 1657 5667 ⁶⁸
1671 5627 1745 5692 ΚΜ

117 5696 225 5765 debriat
238 5716 329 5755 aures.

238 5793 375 5855 Parnon.
397 5790 486 5858 cett·

1598 5797 1635 5859 tt
