3992 6042
123 224 180 287 w
676 227 990 289 auricularium&
1008 260 1044 272 ·-·
1062 230 1129 291 alit.
1151 230 1181 291 1.
1686 244 1739 301 1311

123 338 284 409 Conocuttt,
297 354 380 413 quern
393 355 449 399 non
462 350 560 398 mutus
574 341 684 398 obtusio
697 341 783 398 reddit
920 343 1008 409 Allic
1018 336 1102 401 'dolor
1127 355 1155 402 et
1170 346 1307 416 gentitus,
1324 348 1467 422 hemmae,
1484 350 1620 409 discordia
1638 363 1736 428 terror,

123 426 293 501 lusrptoum,
308 434 353 491 cui
370 434 417 491 dat
428 436 504 492 rocis
516 432 632 491 dulcedo
647 447 784 504 saporem.
960 436 1112 506 Tristities,
1126 439 1223 509 pallor,
1239 439 1382 511 planctus,
1396 442 1494 512 injuria
1507 454 1630 517 regnant.

599 713 706 789 ,ann
737 690 920 781 bruun
954 692 1240 798 QUINTUS.

371 991 486 1050 CAPUT
514 994 658 1051 Pillblllll.
785 1064 792 1079 ·
960 998 1161 1071 hstreromqne
1174 1014 1257 1072 vagos
1272 1000 1393 1056 redditus
1405 1014 1517 1056 emensa
1535 1000 1662 1070 reliquit,

127 1083 338 1144 Firmamentum
347 1085 466 1141 meandit
476 1084 635 1153 Prudentia.
643 1085 775 1147 lodiucus
783 1104 843 1144 cum
853 1088 908 1144 sula
961 1086 1047 1159 loque
1059 1089 1208 1160 supercilio
1221 1089 1317 1144 mundi
1334 1090 1426 1154 stetit,
1441 1088 1522 1144 anxia
1535 1100 1626 1144 mente

379 1157 460 1228 ‘filli‘
476 1156 644 1214 1111111111·
963 1179 1107 1246 Fluctuat,
1122 1180 1150 1235 in
1165 1181 1256 1236 varios
1270 1189 1362 1236 motus
1375 1180 1529 1245 deducitur,
1542 1180 1628 1235 haeret

127 1266 211 1324 Lucis
222 1267 363 1325 inoffensae
379 1268 501 1340 spatium
516 1269 676 1343 fontemque
688 1271 787 1329 nitoris
963 1273 1049 1342 Mens,
1064 1273 1227 1343 animusque
1240 1270 1309 1338 duit,
1321 1270 1427 1327 dubitat
1437 1285 1500 1326 cum
1515 1278 1607 1325 mente
1616 1268 1743 1325 voluntat

125 1358 151 1392 ⁸¹
157 1358 262 1416 0btnso
275 1367 376 1426 cantu,
390 1359 439 1416 sed
451 1359 578 1418 dulcibus
592 1360 678 1417 allicit
691 1377 804 1428 numm,
963 1364 1042 1438 ipsa,
1057 1364 1149 1422 necin
1163 1372 1239 1419 certo
1254 1361 1381 1433 deligitur
1393 1360 1514 1419 anchora
1525 1361 1636 1416 mentis.

127 1450 188 1519 Quo
201 1452 310 1509 radiant
322 1453 419 1519 stellae,
435 1468 490 1523 quo
501 1462 609 1510 certant
620 1453 728 1527 lulgure
744 1456 831 1512 multo
961 1456 1085 1529 Namque
1095 1458 1182 1527 timet,
1194 1457 1364 1527 dubitatque,
1378 1455 1477 1511 timens
1492 1453 1605 1524 ambage
1618 1452 1744 1508 locorum

129 1543 211 1601 hatra
225 1544 299 1616 poli,
315 1545 511 1616 propriumque
525 1545 597 1602 diem
611 1546 671 1602 sine
691 1546 744 1603 tine
758 1556 911 1618 pererrant.
963 1547 1061 1605 Sednci
1072 1590 1080 1613 ,
1093 1565 1164 1622 quos
1178 1549 1293 1606 ulterius
1307 1548 1352 1604 ria
1365 1548 1481 1619 porrigit
1500 1560 1619 1617 anceps;

127 1636 189 1717 Quo
200 1636 262 1693 ceti
273 1634 369 1693 laeiem
386 1635 536 1708 depingunt
550 1637 641 1693 sidera
652 1677 660 1704 ,
673 1638 751 1709 uirgo
962 1638 1029 1707 Quae
1039 1641 1129 1697 nullos
1141 1641 1283 1698 hominum
1295 1655 1418 1711 gressus,
1430 1639 1629 1708 uolucrumque
1638 1635 1746 1692 volatur

127 1727 283 1786 liubilarata
301 1729 395 1796 subit,
410 1728 511 1785 hausto
523 1744 573 1800 pro
587 1739 664 1800 parte
684 1730 789 1787 laboris
925 1722 1073 1800 Blloscit,
1087 1733 1121 1789 ab
1139 1732 1252 1790 incursu
1270 1747 1362 1788 rerum
1379 1731 1537 1803 stepituque
1550 1729 1674 1785 viantum

125 1819 266 1889 Pondere,
278 1822 437 1892 laetaturque
451 1821 505 1892 poli
517 1813 629 1892 perflata
643 1838 752 1879 sereno.
962 1823 1097 1880 Funditus
1112 1824 1248 1895 excipitur
1260 1825 1337 1882 nullo
1351 1832 1449 1880 uexata
1461 1822 1591 1879 tumultu.

126 1911 157 1968 ln
168 1912 254 1971 stellis
266 1912 302 1968 ibi
317 1912 499 1984 praeradiant,
513 1913 640 1983 coelnque
654 1912 794 1981 fruuntur,
962 1915 1013 1972 ilic
1026 1915 1147 1971 bominis
1160 1932 1272 1985 gressus
1282 1925 1384 1973 nutans
1398 1923 1524 1987 peccaret
1535 1912 1637 1980 eundo,

124 2002 203 2072 Qtros
215 2005 257 2061 rel
273 2002 345 2059 lama
360 2004 448 2060 bonos
462 2004 535 2061 lacto
543 2004 577 2072 ⁸¹,
593 2004 636 2059 vel
656 2002 747 2060 labula
760 2005 844 2061 uerbo
961 2005 1062 2062 Ebrius
1076 2015 1182 2063 erraret
1193 2022 1241 2077 pes
1255 2007 1330 2077 ipse,
1350 2005 1481 2077 pedisque
1492 2004 1606 2059 lucerua

126 2093 258 2161 Edlnxit,
276 2094 449 2165 retinentque
464 2095 518 2150 sibi
531 2095 592 2151 sine
606 2095 719 2151 numine
735 2110 844 2151 nontcn.
962 2097 1024 2156 Otia
1038 2099 1114 2155 uisus
1128 2099 1231 2155 hebens
1246 2108 1356 2169 ageret,
1376 2096 1546 2167 pedibusque
1567 2102 1678 2166 negaret

126 2183 180 2243 liic
195 2200 283 2243 nnius
294 2183 402 2241 Alcides
415 2184 486 2241 coelo
499 2184 681 2250 submittitur,
699 2183 756 2240 illic
803 2235 811 2252 ,
964 2188 1118 2256 liucatum,
1133 2188 1281 2259 lumenque
1294 2186 1365 2243 iorct
1377 2187 1429 2243 sub
1443 2187 1547 2242 lumine
1564 2199 1677 2241 cecum

130 2277 251 2335 Perseus
261 2275 382 2333 ardentis
392 2276 482 2347 gladio
492 2276 570 2335 metit
579 2291 628 2332 ora
639 2276 772 2345 Medusam
962 2278 1023 2336 Non
1037 2280 1110 2351 quod
1125 2288 1219 2351 regnet
1234 2278 1271 2333 ibi
1288 2277 1378 2335 noctis
1393 2276 1499 2348 caligo,
1514 2276 1561 2332 sed
1575 2275 1649 2331 illam

126 2365 187 2423 lllic
199 2381 265 2425 ense
277 2380 391 2434 carum,
407 2380 499 2422 ensem
515 2368 646 2424 mentitus
658 2365 742 2423 Orion
964 2370 1132 2442 limphaticus
1138 2371 1163 2404 ⁸⁸
1177 2370 1246 2427 lucis
1258 2370 1386 2441 splendor
1399 2379 1534 2441 purgatus
1550 2367 1659 2440 inignit·

129 2459 188 2517 Sub
203 2476 300 2534 pugnae
312 2460 383 2517 iacie
397 2459 458 2516 sine
471 2457 544 2514 bello
557 2460 628 2515 holla
647 2460 777 2519 minatur.
964 2461 1087 2519 Difficilis
1100 2478 1268 2520 conscensus
1279 2460 1396 2517 adhunc
1411 2460 1556 2531 facilisque
1570 2472 1712 2524 recessum

129 2551 340 2626 Haemoniusque
355 2571 437 2612 senex
450 2573 515 2615 arcu
531 2555 650 2612 dictante
662 2552 790 2625 sagittam
964 2555 1100 2612 Accessus
1119 2555 1233 2627 paucis,
1246 2569 1329 2611 casus
1343 2563 1418 2626 patet
1432 2553 1578 2620 omnihus,
1597 2553 1625 2608 in
1648 2565 1730 2622 quant

129 2643 238 2701 Excitat
251 2647 285 2705 ad
302 2657 405 2705 motum
416 2688 425 2717 ,
438 2651 513 2707 nullo
527 2658 617 2706 tamen
639 2648 686 2704 illa
701 2648 792 2703 uolatu
966 2646 1018 2702 Vix
1030 2648 1131 2719 aliquis
1145 2647 1263 2704 transire
1277 2647 1366 2714 valet,
1377 2647 1450 2703 ralet
1463 2647 1554 2704 omnis
1567 2646 1602 2702 ab
1615 2644 1662 2700 illa

130 2735 231 2811 Edugit
243 2748 291 2796 aut
305 2740 424 2799 monitus
439 2757 521 2800 arcus
536 2740 627 2798 eradit
638 2741 739 2797 eundo.
965 2738 1107 2797 bedinacc
1124 2741 1187 2809 ria,
1202 2756 1264 2813 quae
1278 2740 1373 2812 paucis
1385 2740 1495 2811 peruia,
1510 2738 1603 2794 multis

133 2823 184 2883 llic
197 2829 288 2898 proles
301 2828 397 2887 Ledaea
413 2832 513 2900 micat,
528 2847 579 2888 nec
591 2831 692 2902 pignus
707 2829 811 2885 amoris
965 2832 1120 2902 Clauditur,
1132 2844 1207 2892 arcta
1224 2833 1307 2891 nimis
1320 2822 1430 2900 uirtuti,
1446 2833 1521 2904 larga
1535 2831 1633 2888 ruinae.

129 2918 219 2987 Quom
234 2921 311 2991 prius
323 2922 351 2978 in
367 2925 448 2980 terris
461 2925 544 2995 gessit
558 2923 670 2995 deponit
681 2922 708 2977 in
724 2921 815 2977 astris.
910 2970 914 2977 .
965 2923 1026 2980 Non
1045 2927 1098 2983 buc
1108 2928 1238 2983 nobilitas
1251 2927 1360 2998 generis
1371 2967 1379 2994 ,
1392 2942 1445 2982 non
1460 2924 1546 2997 gratia
1558 2922 1669 2991 lorium,

131 3009 253 3068 Vertitur
265 3015 293 3069 in
307 3014 384 3071 sidus
397 3015 521 3073 stellatus
537 3015 628 3072 sidere
642 3013 722 3069 lamae
965 3015 1026 3073 Nou
1040 3032 1114 3090 gazae
1127 3018 1249 3090 dejectus
1262 3034 1350 3081 amor,
1364 3034 1419 3074 non
1434 3018 1520 3089 gloria
1533 3031 1644 3083 rerum,

131 3102 197 3172 llic,
210 3106 289 3177 cujus
303 3107 376 3163 dono
391 3107 534 3164 medicinae
545 3107 623 3163 stella
638 3105 749 3163 caducis
929 3074 950 3129 c
966 3107 1026 3164 Non
1044 3109 1199 3165 mundanus
1219 3126 1305 3181 aper,
1321 3125 1375 3166 non
1394 3110 1482 3166 virtus
1497 3109 1642 3180 corporis,
1660 3108 1751 3165 audax

131 3196 241 3265 illuxit,
257 3208 353 3255 contra
368 3201 481 3257 morbos
495 3201 564 3256 dans
576 3214 654 3255 arma
670 3198 777 3255 salutis.
965 3200 1130 3274 lmprohitas
1141 3201 1279 3269 hominis,
1294 3215 1416 3272 preceps
1430 3199 1546 3256 andacia
1561 3198 1669 3254 tendit:

131 3289 245 3361 ablatos
258 3293 368 3353 redimit
379 3295 491 3364 vultus,
506 3303 535 3350 ct
550 3295 651 3351 damna
664 3293 779 3366 pudoris
967 3293 1021 3351 Sed
1035 3294 1123 3351 solnm
1135 3292 1222 3349 virtus
1239 3293 1342 3361 animi,
1357 3290 1511 3347 constantia
1525 3289 1643 3356 mentis,

132 3379 294 3452 Parrhasis,
308 3385 336 3441 in
349 3384 449 3441 cmlum
464 3386 613 3455 translata,
628 3391 755 3457 repensat
775 3382 864 3440 eidem
966 3385 1104 3456 Factaque
1117 3384 1267 3450 nobilitas,
1283 3398 1339 3439 non
1354 3391 1436 3451 nata,
1458 3381 1506 3438 sed
1520 3380 1602 3436 insita
1613 3378 1715 3445 menti,

132 3469 238 3545 Jupiter
255 3476 377 3531 ablatum
397 3476 509 3544 liorem,
530 3492 581 3548 pro
605 3476 672 3533 hore
692 3475 807 3549 pudoris
967 3476 1083 3533 interior
1097 3475 1218 3547 species,
1232 3475 1365 3530 uirtutum
1378 3472 1475 3543 copia,
1491 3486 1600 3526 morum

134 3562 250 3621 AEtcrno
264 3565 380 3638 largitus
397 3566 422 3622 ei
438 3565 535 3623 llorere
552 3568 652 3625 nitore.
949 3560 954 3569 ’
967 3570 1089 3643 Regula,
1104 3576 1250 3642 paupertas
1262 3566 1377 3633 mundi,
1392 3572 1566 3635 contemptus
1580 3562 1705 3621 honoris.

133 3655 268 3715 Praeterea
280 3658 364 3715 variis
381 3658 468 3716 stellis
483 3658 643 3715 inscribitur
655 3659 718 3715 aula
969 3663 1098 3721 liihiciles
1111 3662 1195 3735 igitur
1208 3660 1318 3728 aditus,
1334 3657 1496 3730 facilemque
1509 3656 1620 3713 ruinam

133 3747 223 3817 corr,
238 3764 309 3821 quas
323 3749 400 3807 varro
413 3748 532 3813 titulavit
544 3750 657 3805 nomine
673 3748 813 3822 quondam
967 3754 1038 3812 com
1055 3753 1199 3825 phronesis
1213 3752 1320 3818 circat,
1339 3761 1439 3820 magno
1460 3746 1636 3805 succenditur
1649 3752 1717 3802 utu

133 3836 213 3896 llum
227 3848 386 3911 poetarum,
401 3839 460 3896 reri
472 3839 523 3896 sub
538 3839 657 3911 imagine
669 3839 778 3895 ludens.
969 3845 1099 3901 &unita
1110 3842 1224 3911 mantis,
1239 3839 1359 3910 victique
1372 3838 1468 3894 labore
1476 3837 1604 3908 jugales,

135 3928 283 4002 signorum
299 3932 425 3989 duodena
439 3932 542 3989 cohors
565 3930 710 4004 praeiulgct
725 3930 754 3986 in
768 3931 866 4000 astris,
967 3932 1008 3991 lie
1020 3934 1085 4005 juga
1096 3931 1168 3987 lerre
1181 3930 1281 3998 uelint,
1294 3943 1346 3985 nec
1358 3929 1463 3984 soluere
1473 3927 1536 3997 iura
1552 3926 1700 3998 magistro,

134 4022 256 4097 Excepto
268 4021 375 4096 fulgore
388 4023 494 4090 nitens,
507 4021 634 4094 infraque
649 4021 780 4094 relinquit
968 4025 1113 4099 ignarique
1127 4024 1178 4081 riae
1192 4022 1289 4080 callem
1308 4020 1444 4077 mirentur
1456 4019 1579 4088 ineptum

136 4113 284 4172 Stellarum
307 4116 426 4187 uulgus,
439 4115 615 4187 reliquusque
628 4116 787 4188 supervenit
797 4120 883 4170 astro.
969 4117 1132 4187 Goessibus,
1144 4125 1172 4173 et
1189 4114 1306 4187 pedibus
1322 4110 1463 4186 gradiendi
1475 4111 1538 4182 jura
1552 4119 1717 4183 negantem

135 4206 188 4264 llic
199 4209 277 4265 ardet
291 4207 409 4275 Cancer,
423 4207 479 4264 urit
488 4206 554 4277 Leo,
570 4206 655 4281 Virgo
661 4198 795 4273 'resultat
968 4206 1026 4265 Noc
1037 4209 1109 4266 ratio
1124 4221 1235 4266 sursum
1250 4204 1395 4262 deflectere
1408 4202 1496 4276 possit
1509 4202 1647 4270 habenas,

136 4299 241 4372 AEquat
253 4299 336 4357 Libra
350 4301 438 4370 diem,
452 4302 592 4358 crudescit
607 4300 759 4373 Scorpius,
780 4300 849 4372 alget
969 4301 1045 4371 Quas
1056 4302 1175 4359 retinent
1185 4296 1581 4369 instanterequi‚donrinaeque
1591 4294 1760 4367 repugnant,

136 4392 258 4462 Chiron,
270 4394 361 4466 Capra
377 4396 463 4468 riget,
476 4396 639 4453 diffunditur
652 4393 737 4462 Urna,
749 4394 918 4451 madescunt.
936 4409 959 4465 p
972 4395 1113 4461 Ellrenes,
1125 4393 1252 4463 ultraque
1266 4398 1367 4479 negem
1382 4386 1619 4459 municionem,

137 4485 249 4555 Pisces,
263 4488 383 4544 exsultat
404 4487 500 4556 Aries,
515 4488 614 4544 vexilla
629 4487 748 4558 gerendo
972 4486 1044 4543 lium
1058 4492 1176 4541 mentem
1190 4482 1333 4555 phronesis
1347 4495 1449 4552 anceps
1465 4479 1616 4547 sententia,
1632 4485 1723 4535 ntotut

139 4575 218 4634 Veris
226 4576 350 4651 praediclt
362 4577 489 4647 Taums,
502 4577 664 4650 Geminique
673 4574 815 4633 ,Lacones
973 4576 1107 4636 histrahit
1120 4577 1150 4633 in
1163 4576 1272 4645 uarios,
1288 4591 1339 4632 nec
1349 4583 1511 4647 praetentare
1525 4571 1649 4628 locorum

138 4669 215 4729 lianc
229 4672 289 4731 coeli
303 4673 421 4744 speciem
441 4672 586 4745 phronesis
598 4672 699 4729 delibat
713 4671 835 4738 ocellus,
972 4665 1072 4723 Abdita
1083 4665 1142 4722 sola
1154 4674 1258 4737 potcst,
1273 4665 1327 4722 nisi
1341 4664 1404 4737 quis
1417 4670 1609 4736 praemonstret
1621 4660 1730 4728 eidem,

138 4752 226 4835 Quint
241 4778 385 4839 penetrare
396 4769 493 4841 nequit
507 4767 601 4835 risus,
616 4776 765 4837 notamque
777 4765 923 4839 requirit⁸⁸
973 4755 1023 4814 Vel
1035 4757 1169 4816 0011111011
1182 4774 1260 4828 0²³¹,
1274 4772 1398 4831 1108811111
1415 4756 1574 4814 mmmm
1587 4753 1693 4819 cunum

137 4857 278 4915 hlateriem
294 4868 429 4931 tantamne
444 4868 533 4930 stupet
547 4858 678 4914 miracula
690 4857 769 4914 lucis.
1273 4871 1388 4929 cppup
1412 4871 1457 4930 m,

394 4975 476 5049 307
500 4971 614 5030 CAPUT
634 4971 665 5029 11.
978 4966 1126 5039 Theolcqioe
1136 4976 1257 5022 ornatus.
1270 4965 1379 5021 Librum
1391 4967 1420 5021 in
1432 4967 1526 5023 dextro
1538 4964 1615 5036 gerit,
1627 4968 1756 5029 sceptrum

139 5066 227 5141 Equi,
253 5069 306 5125 tiri
329 5085 421 5127 sensus
441 5069 559 5135 externi,
581 5067 640 5122 ceti·
663 5077 762 5123 secretu
788 5075 924 5136 penetrare
1281 5038 1449 5142 fllss'fll'ssffl:
1558 5126 1565 5138 .

463 5147 601 5211 nequeunt.
978 5127 1049 5187 licoe
1060 5130 1148 5201 puella
1163 5131 1220 5203 (nt)
1234 5129 1288 5202 polt
1304 5130 1428 5185 residens
1442 5145 1469 5183 m
1483 5127 1619 5189 culmine,
1636 5118 1759 5178 coelutu.

138 5226 290 5303 Postquam
308 5231 436 5289 coelestes
449 5230 556 5297 aditus,
573 5228 691 5300 coelique
704 5224 888 5298 profundum,
978 5223 1154 5294 Despiciens,
1169 5239 1279 5281 sursunt
1297 5223 1426 5295 delegans
1439 5220 1559 5287 lumina,
1575 5215 1704 5287 quiddam

744 5342 749 5351 ·
785 5312 903 5369 lldlllrll
920 5310 1122 5373 lucrinum.

175 5409 199 5444 'i
211 5409 293 5466 Totus
304 5410 347 5465 hic
359 5425 447 5465 uersus
461 5409 663 5464 desideraturitr
678 5418 788 5464 utroque
804 5403 856 5462 tn.
892 5404 975 5464 ’Ἧι
999 5407 1045 5475 A,
1058 5408 1126 5468 Deos
1141 5409 1204 5468 iecit
1228 5430 1235 5467 :
1258 5409 1309 5469 tls.
1325 5409 1370 5478 11.,
1382 5409 1453 5466 Deos
1463 5406 1549 5464 lucto.
1585 5404 1616 5437 ⁸³*
1634 5401 1688 5461 tls.
1711 5398 1763 5467 1.,

141 5482 247 5539 ocellis.
283 5479 368 5536 '‘lls.
390 5478 604 5550 V.,cuplraticae.

892 5568 1005 5628 1101111.

177 5664 236 5739 (al)
255 5664 321 5723 iimo
343 5665 512 5737 Thsoicgium
529 5664 658 5735 derigunt.
