3992 6042
267 192 319 249 did
900 191 1004 247 numu
1023 191 1067 247 DE
1086 190 1222 247 rosulis
1682 136 1688 157 Ι
1839 193 1898 249 m

268 323 339 364 uuam
355 308 456 364 dlettur
468 325 495 364 rn
510 308 605 367 Etbica
620 309 734 366 Catonis
744 296 755 364 ’τ
773 309 860 379 Turpe
873 319 912 365 ert
936 309 1049 364 doctori.
1065 320 1088 378 Α
1102 309 1200 379 duplex
1215 308 1305 378 paries
1315 307 1450 379 jungitur.
1460 307 1564 365 Civitas
1576 323 1641 379 orgo
1657 305 1767 365 Domim
1782 324 1802 363 a
1816 317 1898 365 tum

266 401 372 459 Dicitur
399 403 537 469 horribile,
566 404 638 459 unde
663 403 877 476 Dionysius:
912 403 995 457 animi
1020 405 1050 457 ia
1100 401 1239 458 Harraneei
1254 401 1389 473 usquead
1407 412 1514 474 portam
1533 400 1624 474 anguli
1647 402 1778 459 sniumei
1797 402 1895 472 perbi-

269 493 390 562 tarpibus
411 494 569 564 imrpiuibus
584 510 662 550 tuom
690 495 828 550 materiale
840 504 959 566 repentes
974 495 1050 550 ouie-
1099 493 1196 558 betur,
1215 493 1280 564 quia
1305 505 1399 550 sancta
1415 492 1565 550 Ecclesiae
1585 495 1748 551 celsitudine
1760 509 1897 565 superne
1976 526 1977 557 ,

267 601 350 641 reem,
1099 586 1193 656 gratiae
1205 586 1337 642 inchoans
1353 602 1439 658 usque
1452 588 1485 643 ad
1498 587 1714 658 inpressumlil)
1727 586 1896 656 srrseeptio·
1976 572 1977 655 l

303 698 534 769 Turris,proprie.
545 698 648 755 Dicitur
660 700 803 769 superbus,
817 699 889 754 unde
900 697 1001 754 isaias:
1016 698 1050 753 lu
1098 693 1160 734 ΜΠ]
1187 678 1261 749 ⁴1¹¹⁰d
1291 677 1408 734 du⁰s¹¹¹¹¹
1433 678 1608 749 P⁰P¹¹¹⁰ffl¹¹¹2
1631 675 1737 734 'ulmei
1758 678 1899 734 'idem

265 791 308 844 die
329 792 518 861 interfectionis
539 791 684 846 multorum
708 808 767 845 eum
788 790 928 845 ceciderint
951 803 1046 846 torret.
1098 769 1311 842 ⁸¹⁴l¹¹⁰ss⁰¹¹²i¹i⁸r
1326 769 1512 826 ωῃῧῑίωὶωῐ·

267 882 371 938 Dicitur
386 885 557 954 praedicator,
579 886 625 955 qui
648 895 825 955 comparatur
845 885 914 942 turri
938 894 1050 957 propter
1137 879 1245 946 Turtur,
1271 881 1392 952 proprie.
1406 879 1512 938 Dicitur
1533 881 1716 949 sensualitas,
1749 880 1830 938 unde
1864 879 1896 936 in
1976 874 1977 895 ¹

266 976 452 1034 fortitudinem
469 987 496 1035 ct
511 980 762 1050 propterexcelsam
773 979 924 1035 coelestium
934 979 1048 1050 garrdio·
1098 973 1208 1030 Psalmo
1221 989 1227 1026 τ
1242 972 1340 1029 Purser
1354 973 1452 1029 inorruit
1464 975 1517 1029 ribi
1526 974 1632 1029 domum
1643 982 1668 1029 et
1680 984 1770 1029 turtur
1779 974 1894 1030 nidum.

264 1086 326 1125 rum
342 1072 610 1140 corrtcmplatiouem,
625 1071 697 1127 unde
707 1071 733 1126 in
746 1072 837 1127 Cant:
854 1070 958 1126 Collum
974 1080 1049 1125 tuum
1098 1067 1204 1123 Dicitur
1214 1062 1369 1137 praedicatio
1381 1065 1579 1134 apostolortuu,
1591 1065 1663 1121 unde
1675 1065 1701 1120 iu
1714 1065 1809 1121 liant:
1834 1064 1894 1121 rso

264 1164 333 1216 sicut
346 1165 428 1217 turris
444 1163 539 1219 Dauid.
555 1162 689 1219 Dicuntur
700 1163 864 1219 excelsiores
883 1163 911 1217 iu
927 1162 1047 1219 Ecclesia
1099 1161 1209 1214 turturis
1220 1157 1312 1211 audito
1324 1167 1363 1211 ert
1375 1157 1402 1211 lu
1418 1166 1489 1211 terro

264 1253 323 1321 Dei,
340 1257 412 1332 uude
428 1254 511 1311 David
533 1277 540 1311 :
565 1254 589 1309 F
591 1258 628 1312 iot
648 1272 702 1327 pos
721 1257 748 1311 iu
769 1258 864 1311 uirtute
888 1266 945 1322 tori,
962 1255 1048 1309 olou-
1135 1248 1218 1304 Tutor
1237 1259 1279 1304 est
1299 1248 1345 1304 ille
1366 1247 1413 1319 qui
1435 1248 1518 1303 alium
1534 1249 1663 1306 defendit.
1680 1249 1787 1305 Dicitur
1801 1250 1892 1305 etiarn
1976 1272 1977 1287 ¹

264 1346 357 1399 contio
383 1347 410 1400 iu
440 1346 557 1401 turribus
586 1348 650 1401 ruis
675 1345 780 1401 Dicitur
803 1346 946 1411 cbristus,
977 1344 1049 1400 rrnde
1098 1343 1143 1398 ille
1154 1342 1200 1414 qui
1215 1342 1346 1397 custodire
1360 1339 1436 1411 pueri
1454 1340 1613 1410 deputatur,
1638 1342 1710 1397 unde
1733 1341 1892 1412 Apostolus

263 1435 348 1491 isaias
362 1455 369 1489 ι
384 1437 541 1509 AEdifiruoit
554 1439 648 1491 turrim
662 1438 690 1491 in
701 1437 787 1491 aredio
800 1420 868 1506 ejus.
882 1434 977 1491 Turris
988 1451 1050 1506 quae
1100 1435 1139 1490 ait
1154 1451 1161 1487 t
1177 1435 1284 1500 Quorrto
1309 1443 1423 1505 ternpore
1442 1435 1525 1490 duret
1546 1424 1672 1504 parvidus
1685 1444 1741 1501 est,
1755 1445 1826 1503 etc,
1842 1438 1891 1490 aed

263 1528 395 1583 acturam
411 1538 453 1583 est
466 1530 492 1585 in
513 1530 592 1586 vinea
615 1547 676 1601 quas
693 1532 828 1604 sipirillcat
842 1530 986 1587 ludoicum
1000 1545 1049 1602 po·
1098 1528 1145 1582 rui
1159 1527 1299 1592 tutoribus,
1314 1536 1365 1585 ete.
1589 1530 1592 1535 ’

265 1620 369 1688 pulum,
385 1620 559 1676 estClrristus
580 1622 756 1687 humanatus,
773 1638 883 1677 carnem
904 1637 1048 1677 assumens
1136 1620 1798 1690 Tpmpouumdiciturinstrumeutnmorgauieum
1807 1621 1889 1691 quod

263 1711 298 1763 «le
311 1718 390 1779 gente
404 1710 528 1779 ludaica,
539 1714 582 1767 vel
597 1714 726 1783 templum
738 1729 753 1768 a
767 1713 913 1768 Salomone
924 1722 1050 1769 coustrn·
1064 1705 1085 1761 B
1101 1714 1130 1768 lit
1149 1728 1183 1767 ex
1198 1713 1273 1767 corio
1288 1720 1402 1768 extenso
1425 1714 1453 1767 in
1471 1712 1554 1784 ligno.
1572 1712 1676 1768 Dicitur
1692 1714 1774 1769 etiam
1790 1717 1891 1771 earnis

263 1809 348 1855 ctum
364 1801 469 1858 Dicitur
487 1805 706 1876 circumspectio,
722 1806 794 1860 unde
808 1805 836 1859 iu
850 1804 940 1861 Cant:
959 1803 1049 1859 Notus
1100 1804 1284 1872 mortilicatio,
1300 1804 1373 1861 unde
1386 1803 1470 1861 David
1487 1825 1494 1861 :
1512 1803 1634 1860 laudate
1645 1820 1704 1860 eum
1718 1807 1746 1861 in
1757 1816 1889 1877 tympora
1976 1854 1977 1871 ,

264 1900 323 1945 tuus
345 1894 412 1947 sicut
436 1896 519 1948 turris
535 1894 648 1960 Libnui;
666 1912 715 1965 per
738 1911 834 1952 nasum
854 1896 951 1951 odores
981 1894 1051 1950 icto·
1099 1907 1123 1952 rt
1139 1898 1226 1951 odoro.
1518 1970 1520 1976 Α

262 1997 361 2051 resque
375 1982 566 2052 discernimus,
582 1996 608 2040 et
628 1986 690 2040 ideo
712 2001 761 2055 per
778 2001 840 2041 eum
853 1985 967 2057 provida
986 2001 1050 2041 san·
1136 1990 1333 2061 Tpmpouistrio
1346 1991 1447 2047 dicitur
1468 1991 1566 2045 mulier
1581 2005 1642 2060 quae
1659 1992 1733 2046 canit
1758 1992 1785 2046 in
1807 2000 1888 2063 tym-

261 2081 366 2126 ctorum
388 2072 517 2129 diseretio
530 2074 696 2145 designatur.
710 2074 806 2133 Turris
826 2091 891 2131 uero
916 2076 943 2130 in
964 2075 1049 2130 altum
1101 2094 1184 2149 pano.
1201 2078 1305 2136 Dicitur
1317 2080 1399 2135 etiam
1415 2081 1498 2135 bomo
1511 2080 1598 2135 tidelis
1613 2096 1723 2136 carnem
1743 2096 1820 2136 suam
1833 2097 1884 2136 ca·

260 2164 661 2233 ponitur,utbostiseminens
679 2167 792 2240 alonge
810 2167 944 2224 rideatur.
964 2167 1047 2224 Recte
1098 2172 1202 2243 stigans
1224 2180 1252 2226 et
1279 2172 1306 2226 in
1326 2172 1483 2229 servitutem
1510 2173 1646 2243 redigens,
1676 2172 1747 2227 unde
1767 2170 1856 2228 Dauid
1875 2192 1883 2229 ε

259 2271 325 2327 crgo
337 2273 421 2313 nasus
432 2257 560 2315 Ecclesiae
575 2260 642 2316 turri
658 2270 845 2330 comparatur,
858 2260 922 2331 quia
938 2269 1048 2316 sancto·
1099 2260 1132 2315 lu
1147 2262 1232 2316 aredio
1240 2261 1441 2329 juvenculorum
1456 2263 1701 2333 tympanistriarum

260 2364 320 2402 rum
336 2350 449 2419 provida
465 2351 595 2408 discretio
612 2353 677 2408 dum
701 2352 817 2407 sollicite
831 2352 1046 2424 circumquaque
1135 2351 1223 2423 Tppus
1238 2354 1347 2424 proprie
1362 2353 1463 2409 dicitur
1477 2355 1575 2425 llgura.
1592 2354 1696 2410 Dicitur
1706 2355 1883 2427 mysterium

259 2440 392 2510 conspicit
418 2441 445 2494 in
468 2442 553 2497 altum
567 2445 667 2513 posita,
690 2443 849 2516 priusquam
861 2444 951 2499 veniat
966 2445 1046 2516 culpa
1098 2446 1170 2501 unde
1182 2446 1210 2501 in
1222 2447 1352 2516 Apostolo
1364 2446 1437 2516 quod
1449 2457 1581 2517 praecepta
1594 2445 1699 2503 Veteris
1712 2445 1884 2504 Testamenti

258 2531 475 2601 comprehendit.
503 2531 608 2588 Dicitur
630 2533 763 2602 altitudo,
788 2534 860 2591 unde
882 2534 1015 2591 ieremias
1036 2553 1043 2589 ε
1096 2538 1159 2593 data
1183 2539 1287 2595 suntin
1302 2551 1375 2611 typo,
1391 2539 1417 2595 id
1433 2547 1472 2594 cst
1493 2540 1520 2594 iu
1534 2529 1672 2611 mpsterio.
1686 2540 1882 2596 Potesttamen

258 2622 453 2694 AEdipieoiitur
476 2625 568 2679 cirritos
592 2642 609 2680 o
635 2625 764 2694 Domino,
782 2644 799 2680 ιι
820 2635 891 2681 turre
908 2626 1045 2682 Honouerl
1097 2643 1176 2704 typus
1189 2632 1226 2688 ibi
1238 2604 1290 2689 otr'i
1306 2634 1390 2704 figura
1403 2651 1411 2700 ;
1424 2633 1496 2689 unde
1513 2633 1540 2687 in
1554 2631 1680 2690 Historiis
1696 2633 1793 2706 legitur
1805 2633 1881 2706 quod

258 2729 340 2782 usque
356 2713 391 2767 od
401 2724 506 2783 portum
521 2715 622 2786 eupuli.
637 2715 740 2772 Ciuitas
755 2724 848 2771 sancta
859 2726 901 2772 est
911 2715 1044 2787 Ecclesia,
1097 2724 1179 2782 David
1197 2725 1301 2782 dimisit
1314 2725 1485 2782 Ammonitas
1496 2725 1524 2781 io
1538 2727 1728 2782 tvoblaterum·

259 2802 397 2862 llauancel
411 2807 604 2878 interpretatur
617 2808 705 2876 protis
722 2806 779 2863 Dri.
795 2806 824 2864 ln
838 2808 937 2880 angulo
952 2819 1043 2866 autem

295 3265 391 3348 ereio,
403 3274 634 3353 propr-reTDreuur
646 3286 770 3341 ooctrina
781 3299 809 3340 et
818 3273 930 3340 retectio
939 3269 1042 3338 Christi
1055 3285 1078 3347 c
1090 3268 1138 3335 tur
1150 3294 1294 3350 auqmenm
1316 3293 1401 3334 cassa
1421 3282 1479 3351 spel
1498 3279 1553 3335 sire
1571 3276 1688 3341 fiducie,
1701 3281 1881 3339 estromenta

256 3374 419 3442 prasentia,
435 3375 507 3430 uude
524 3373 646 3431 ludant.
665 3394 672 3431 ι
689 3376 801 3431 Meliora
817 3387 878 3430 sunt
897 3380 977 3430 ubero
994 3384 1044 3453 tuo¹
1092 3369 1290 3440 desperationis
1330 3369 1445 3452 miserae,
1478 3368 1548 3424 unde
1568 3384 1602 3424 ex
1624 3383 1740 3438 persona
1762 3373 1880 3427 bumasti

256 3465 328 3529 aino,
341 3464 367 3535 id
380 3473 422 3520 est
441 3462 564 3521 doctrina
579 3475 604 3521 et
622 3467 735 3523 reiectio
758 3476 811 3523 tuae
831 3468 981 3536 prassinus
1001 3467 1041 3522 le-
1091 3462 1199 3535 generis
1220 3461 1263 3518 rel
1285 3461 1430 3533 cujuslibet
1454 3461 1609 3534 poenitentis
1625 3459 1676 3517 lob
1702 3461 1761 3518 ait:
1788 3462 1883 3528 Quare

256 3557 298 3626 gis
313 3557 418 3612 terrore
432 3558 472 3612 rel
488 3557 655 3626 quibuslibet
666 3558 818 3621 institutis.
835 3556 967 3631 Dicuntur
982 3574 1041 3614 ma·
1091 3571 1143 3610 nou
1155 3555 1184 3609 in
1193 3555 1269 3610 culco
1280 3564 1400 3609 mortuus
1411 3570 1481 3619 rum,
1497 3568 1614 3624 opressus
1627 3568 1660 3609 ea
1671 3561 1746 3607 utero
1756 3570 1809 3608 riou
1821 3563 1883 3609 rto-

253 3647 330 3716 Jnres
349 3648 377 3701 iu
396 3646 517 3702 Ecclesia
542 3647 587 3702 Dei
609 3649 657 3719 qui
678 3649 778 3706 lactant
802 3650 895 3717 rudes,
919 3652 992 3707 unde
1011 3651 1041 3708 iu
1092 3650 1140 3704 tim
1151 3648 1239 3718 perii?
1256 3664 1303 3702 cur
1317 3656 1440 3716 receptur
1452 3644 1571 3717 pinibus,
1590 3662 1638 3700 cur
1655 3644 1771 3700 luctatus
1786 3645 1879 3701 sieri-

255 3739 337 3795 Cunt.
355 3756 362 3795 :
383 3740 441 3794 Duo
455 3743 536 3796 ubero
562 3749 607 3796 tuo
630 3744 699 3797 sicut
724 3742 777 3798 dito
801 3744 904 3799 hinnuli
929 3762 1038 3816 coprem.
1091 3741 1139 3798 lus
1150 3743 1164 3795 ‚⁹
1177 3739 1262 3796 Vulva
1274 3740 1411 3812 peccantis
1425 3739 1545 3795 bominis
1558 3747 1601 3795 est
1613 3739 1693 3809 culpa
1706 3739 1804 3803 latens;
1820 3740 1882 3795 etit

256 3831 390 3887 Dicuntur
401 3833 472 3889 ‹lona
486 3833 649 3905 spiritualia,
664 3836 737 3893 unde
749 3837 849 3894 ibidem
864 3857 870 3894 :
884 3838 1041 3894 Exsultoli·
1091 3834 1173 3891 bomo
1184 3833 1218 3888 ab
1229 3841 1307 3888 utero
1321 3848 1382 3887 cram
1391 3840 1520 3902 peccator
1529 3847 1590 3902 quae
1603 3830 1747 3887 inocculto
1759 3832 1879 3886 commi·

255 3940 314 3978 mur
327 3935 351 3979 et
366 3923 516 3982 letabimur
531 3929 559 3982 iu
573 3938 597 3983 te
615 3946 741 3984 memores
758 3934 867 3985 uterum
882 3941 986 3986 tuorum
996 3948 1041 3985 ra·
1091 3928 1138 3987 sit.
1152 3928 1179 3982 iu
1191 3935 1285 3996 aperto
1297 3926 1467 3981 committere
1478 3940 1533 3980 non
1542 3923 1693 3992 erubescit;
1706 3923 1880 3995 genibuser·

254 4033 301 4086 per
318 4018 418 4085 uinum,
442 4019 467 4074 id
491 4029 532 4075 est
552 4020 686 4076 donorum
712 4031 823 4077 tuorum
845 4023 1038 4093 spiritualium.
1091 4019 1200 4089 cipitur,
1212 4032 1274 4074 cum
1283 4019 1340 4087 jam
1352 4017 1385 4073 de
1398 4032 1447 4072 sua
1460 4017 1605 4088 iniquitate
1616 4031 1670 4073 uon
1681 4014 1875 4081 confunditur,

256 4105 361 4163 Dicitur
375 4106 486 4164 iudaeus
499 4121 526 4164 et
545 4111 663 4179 gentilis,
680 4111 752 4168 rrrrde
775 4112 815 4168 sic
837 4122 926 4183 potest
939 4115 1039 4185 erponi
1091 4108 1221 4164 uberibus
1252 4108 1378 4173 lactatur,
1408 4122 1470 4163 cuna
1497 4108 1539 4164 rel
1566 4107 1700 4177 talsaspe
1726 4105 1877 4163 Domiuioe

254 4199 382 4270 praedicta
398 4202 568 4258 auctoritas:
584 4201 642 4257 Duo
657 4204 738 4258 oleru
754 4214 811 4269 ruo,
826 4205 852 4259 io
867 4214 908 4262 est
922 4206 978 4262 duo
990 4221 1040 4278 po·
1090 4198 1285 4255 misericordiae
1297 4199 1430 4270 pascitur,
1447 4198 1488 4254 rel
1507 4207 1601 4270 aperta
1615 4197 1725 4253 miseria
1746 4198 1878 4267 despera·

254 4287 311 4359 puli
334 4304 366 4344 er
386 4288 479 4345 ludaea
502 4301 529 4347 et
550 4293 701 4362 gentilitate
725 4295 865 4354 venientes
888 4296 916 4351 in
939 4312 1039 4367 corpus
1090 4292 1184 4348 tionis.

254 4393 355 4440 sauctae
372 4383 501 4440 Ecclesiae
522 4400 570 4456 per
589 4384 766 4443 intentionem
783 4389 923 4459 sapientire
938 4404 1039 4444 meauo
1127 4384 1231 4450 lllrrrus,
1242 4386 1358 4457 proprie.
1367 4384 1472 4441 Dicitur
1482 4383 1619 4439 saecularis
1631 4381 1797 4451 mens,unde
1807 4396 1874 4451 pro-

253 4474 329 4527 cordi
343 4487 409 4530 sunt
421 4474 502 4530 affixi.
513 4473 646 4531 Dicuntur
654 4478 739 4534 verba
751 4495 831 4536 saera
842 4480 955 4551 eloquii,
966 4481 1039 4537 urrde
1089 4477 1169 4547 pheta
1183 4494 1189 4529 :
1206 4475 1308 4531 Portam
1323 4477 1352 4530 in
1368 4476 1471 4530 deserto
1487 4475 1600 4529 abietem
1611 4481 1636 4528 et
1647 4472 1767 4538 ulmum
1781 4472 1875 4527 ulmus

254 4563 383 4622 Salomon
400 4586 407 4621 ε
428 4567 481 4633 Qui
496 4569 602 4639 sortirer
618 4572 713 4640 premit
729 4570 810 4626 ubero
830 4571 865 4626 od
881 4571 1038 4626 eliciendum
1090 4569 1228 4625 saecularis
1243 4584 1331 4635 mens,
1348 4568 1485 4639 quaedum
1496 4565 1747 4631 terrenisinseruit,
1764 4564 1873 4621 nullum

252 4657 304 4719 lor,
319 4660 444 4728 exprimit
462 4660 606 4731 istorum
624 4672 650 4716 et
672 4665 718 4733 qrri
735 4664 896 4718 veliementer
908 4665 1035 4734 eruuuqit,
1054 4627 1075 4683 ὓ
1089 4662 1257 4734 spiritualem
1272 4661 1390 4716 fructum
1405 4661 1474 4731 perit

250 4749 324 4803 elicit
349 4752 515 4821 sanquinem.
546 4750 635 4808 Ubera
662 4752 769 4810 fortiter
793 4754 943 4824 premimus
972 4771 1035 4810 cum
1125 4753 1201 4809 illue
1212 4752 1469 4808 dicunturbracbia.
1482 4750 1615 4807 Dicuntur
1625 4750 1709 4807 etiam
1724 4765 1874 4818 mensure,

250 4841 334 4896 rerba
360 4841 431 4897 sacri
459 4842 560 4914 eloquii
585 4844 678 4901 subtili
711 4845 846 4901 intellectu
872 4860 1034 4917 pensamus,
1087 4849 1160 4904 unde
1173 4862 1279 4918 pannus
1289 4845 1389 4902 dicitur
1398 4861 1460 4901 esse
1483 4861 1532 4901 set
1550 4845 1675 4901 ulnarum
1686 4845 1728 4900 rel
1740 4845 1872 4915 plurium.

250 4948 303 5004 qua
317 4935 459 5004 pressione
469 4936 534 4991 dum
547 4936 591 4993 lae
604 4938 765 5008 quaerimus,
783 4939 912 5010 butyrum
928 4938 1035 4995 inveni·
1086 4938 1219 4994 Dicuntur
1229 4935 1311 4992 etiam
1324 4950 1405 5006 opera
1416 4936 1458 4992 rel
1465 4935 1682 5006 praedicationes,
1696 4936 1766 4991 rande
1774 4934 1874 4993 isaias:

251 5038 313 5077 urus
324 5042 331 5090 ;
344 5026 418 5095 quia,
430 5026 494 5081 dum
514 5028 612 5082 nutriri
624 5030 666 5083 sel
683 5030 757 5085 tenui
778 5031 915 5087 intellectu
933 5032 1034 5102 quaeri·
1086 5027 1122 5083 Et
1138 5028 1247 5098 sperent
1270 5027 1341 5098 filios
1360 5044 1422 5084 roos
1442 5027 1471 5082 in
1483 5027 1565 5093 ulrris,
1581 5026 1607 5081 id
1622 5038 1665 5083 est
1679 5027 1875 5098 praedicatores

250 5128 323 5178 mus,
340 5115 462 5173 ubertate
477 5118 591 5173 internae
602 5118 774 5189 pinguedinis
784 5119 952 5191 inungimur,
962 5122 1035 5193 quod
1085 5120 1120 5174 de
1133 5117 1293 5188 perstitiose
1307 5116 1438 5184 Ecclesia,
1454 5115 1566 5171 aderent
1578 5117 1625 5173 tibi
1639 5116 1709 5174 lilios
1725 5132 1790 5173 suos
1802 5133 1875 5188 prm·

250 5214 341 5261 tauron
357 5224 406 5264 nec
418 5210 502 5266 nimie
515 5228 566 5268 nee
582 5227 689 5282 semper
699 5213 834 5285 agendum
848 5223 900 5279 est,
915 5230 949 5271 ne
970 5216 1035 5271 dum
1085 5211 1268 5267 dirutionibus
1279 5226 1327 5281 per
1337 5211 1428 5266 tidem.

249 5301 379 5367 quaerum
392 5301 427 5356 ab
438 5304 567 5359 uberibus
578 5305 630 5370 lac,
641 5308 752 5377 sanguis
760 5315 900 5378 sequatur.
914 5306 1036 5363 Plerum-
1123 5303 1201 5360 Ultro
1217 5305 1382 5376 quandoque
1409 5303 1521 5373 ponitur
1535 5304 1562 5359 in
1578 5303 1603 5357 vi
1621 5301 1822 5373 praepositionis
1842 5310 1873 5357 et

249 5405 302 5458 que
313 5392 385 5446 enim
401 5394 521 5463 quidum
534 5399 615 5452 rerba
629 5399 700 5453 sacri
712 5399 882 5470 eloquiiplus
894 5415 976 5470 quam
988 5399 1036 5455 de·
1085 5398 1232 5471 aliquando
1251 5404 1327 5452 notat
1340 5410 1484 5452 sucessum
1510 5397 1538 5452 in
1562 5408 1694 5466 tempore.
1712 5392 1872 5466 Aliquando

248 5480 312 5536 bent
322 5483 481 5552 discutiunt,
493 5488 668 5567 incarnalem
680 5508 790 5550 sensum
804 5494 916 5552 cadunt.
934 5493 1034 5550 Dieuu·
1083 5507 1226 5550 excessum
1240 5492 1268 5549 'arr
1279 5490 1339 5549 loeo
1349 5500 1377 5550 et
1388 5491 1416 5548 ia
1428 5490 1521 5549 multis
1536 5482 1612 5557 aliis,
1626 5490 1700 5563 quod
1710 5489 1740 5546 iu
1753 5484 1873 5547 disemis

283 5636 340 5703 (ill
357 5642 438 5697 Deest
450 5642 563 5711 aliquid.
