3992 6042
206 269 261 327 urb

849 240 955 311 mli!
973 236 1019 309 BE
1037 246 1183 319 tttsllus

1776 241 1840 299 58AE

206 376 397 452 Tranquillum
418 372 515 447 nequit
532 386 592 430 esse
615 368 716 428 fretum
728 369 794 427 doru
808 375 884 440 peste
896 368 919 400 ⁸⁸
932 380 993 422 mo·
1007 368 1031 428 Α
1078 362 1179 418 maur
1188 370 1252 417 eum
1264 357 1312 431 spui
1326 351 1389 429 plus
1402 356 1446 413 bis
1459 353 1575 413 rationis
1587 352 1680 409 babet

851 457 957 530 [retur3

242 557 301 615 Nee
312 564 472 614 mansuetus
484 554 579 620 bomo.
594 551 661 609 dum
676 559 767 607 moret
781 547 821 604 ira
829 546 918 620 iecur.

208 650 267 708 (lor
280 649 369 721 sperit
382 656 500 719 portam.
514 643 561 717 qui
575 642 703 700 claudere
718 656 771 697 non
782 640 854 695 ualet
865 638 961 694 illam?

244 742 302 798 Cur
311 739 378 795 mibi
392 752 451 794 rem
466 735 582 807 spondet
597 735 645 807 qui
658 733 739 789 mom
749 746 803 787 non
817 731 866 786 dat
878 743 940 784 eam
952 727 995 779 ⁸⁸l

209 830 336 902 Concipit
348 838 379 885 ut
397 827 487 899 pariat
500 827 599 882 mulier
615 826 680 881 dum
696 823 802 879 uenerit
816 821 884 876 bora
899 836 907 874 a

246 922 286 978 'lu
298 936 409 995 quoque
424 920 577 990 suscipiens
587 918 637 974 des
656 916 806 987 aliquando
819 914 897 969 mibi.

211 1013 290 1069 Nullo
306 1026 417 1084 quoque
429 1010 527 1066 sedare
540 1008 614 1065 sitim
629 1005 810 1077 flagrantibus
820 1003 895 1059 unda
908 1018 916 1067 ;

246 1102 331 1173 Copia
344 1116 395 1156 nec
409 1100 499 1172 cupidi
513 1114 562 1155 cor
575 1098 677 1154 satiare
690 1095 751 1151 uiri.

214 1189 400 1262 viperarum
411 1190 507 1255 babet;
523 1202 587 1258 quae
598 1186 663 1242 dum
678 1184 759 1244 calet,
771 1182 874 1239 erumil
884 1179 963 1248 illud,

247 1278 349 1335 Claude
360 1279 451 1334 sinum
463 1294 472 1346 3
483 1276 599 1349 prohibe
616 1290 651 1331 ne
664 1275 771 1330 colebat
782 1274 830 1330 ibt.

215 1370 304 1426 Futile
319 1385 366 1426 ras
379 1367 481 1436 fundit,
496 1369 636 1425 sincerum
651 1368 715 1422 riua
730 1374 858 1430 retentat,

181 1454 188 1465 '
250 1459 297 1515 Sic
308 1459 401 1514 audita
417 1466 491 1514 tenet
501 1473 580 1514 mens
598 1458 680 1523 bona,
696 1456 788 1512 fundit
799 1455 893 1510 beben

215 1547 254 1603 be
264 1562 334 1604 nuce
350 1547 500 1618 iltcorylus
515 1563 522 1600 :
535 1547 569 1601 de
595 1545 692 1616 glande
712 1544 743 1599 flt
758 1544 842 1600 ardua
865 1556 1000 1613 quercusr

251 1635 290 1692 lte
305 1651 391 1707 parto
406 1649 492 1706 puero
507 1647 578 1704 saepe
591 1634 696 1704 peritus
711 1632 805 1688 bomo.

216 1727 247 1783 lu
263 1727 380 1782 nibilum
393 1727 438 1781 nia
452 1726 506 1780 alta
519 1724 589 1789 duit,
607 1725 630 1781 si
643 1725 761 1794 desuper
776 1721 863 1777 imber

254 1814 383 1881 {recidam
397 1821 426 1869 et
441 1812 508 1868 vitio
522 1812 595 1868 lama
608 1822 749 1884 perempta
761 1810 842 1882 perit.

217 1902 328 1961 btratus
340 1902 416 1958 humi
428 1902 533 1972 palmes
548 1901 732 1957 subeuntibus
745 1899 849 1970 indiget
868 1895 968 1963 nlmis3

253 1992 357 2066 indiget
367 1995 471 2050 auxilio
483 1992 576 2050 diuitis
589 1991 679 2047 omnis
693 1991 783 2061 inops.

216 2084 277 2143 Nou
290 2101 401 2158 possam
415 2086 561 2154 probibere
575 2097 674 2140 canem
694 2081 761 2152 quin
783 2080 865 2136 latret
890 2079 1004 2151 ubique,

252 2174 309 2232 Nee
320 2191 392 2246 queo
407 2173 531 2231 meudaci
543 2173 669 2229 claudere
682 2170 758 2226 labra
774 2166 797 2201 ⁸⁸
811 2170 881 2224 tiro.

218 2267 337 2325 fumum
351 2281 406 2323 nou
420 2267 509 2339 iguem
519 2266 659 2338 jaculatur
672 2262 707 2319 ab
721 2263 779 2319 aede
790 2261 813 2295 ⁸⁸
826 2261 969 2327 caminum

253 2359 396 2428 Colloquiu
411 2356 433 2390 ⁸¹
449 2373 504 2413 non
520 2372 561 2423 re,
572 2357 644 2412 liuor
657 2356 756 2412 obesse
767 2359 868 2425 potest.

219 2444 280 2503 Non
295 2447 404 2513 domus.
422 2455 452 2502 rt
463 2446 593 2501 dominus
607 2445 745 2514 laudetur,
759 2444 782 2500 si
798 2445 887 2500 bonrts
905 2442 929 2499 is
940 2443 987 2508 sit,

256 2535 305 2591 Sin
318 2544 410 2592 autem
423 2553 431 2592 r
442 2535 585 2592 dominum
607 2537 763 2606 spernimus
781 2544 865 2605 atque
882 2535 1005 2590 domum

220 2623 280 2681 lion
296 2625 350 2682 ibis
361 2635 494 2694 rostrum,
508 2639 564 2681 non
579 2624 661 2681 ardea
672 2624 774 2680 deserit
784 2640 893 2681 amnem
908 2624 944 2692 ⁸⁸,

255 2714 317 2775 lion
334 2717 431 2774 leviter
441 2718 538 2797 uitium
552 2716 626 2789 quod
638 2715 661 2749 ⁸⁸
673 2715 740 2772 iacit
755 2716 822 2772 illud
842 2717 937 2772 bomo.

220 2809 318 2867 Aufert
333 2826 406 2882 saepe
420 2810 480 2866 nolo
496 2810 574 2881 nipra
588 2808 676 2866 nubes
690 2808 794 2865 lumina
813 2809 891 2877 solis.

258 2899 292 2955 dt
303 2900 389 2971 patris
400 2899 534 2955 aurilium
549 2912 620 2955 saera
633 2912 753 2959 nouerca
769 2899 847 2954 mibi.

221 2988 306 3064 m
318 2987 379 3046 Non
390 3004 497 3061 semper
510 2988 668 3045 moriuntur
676 3004 742 3046 ares
751 2990 852 3063 quibus
864 2989 1009 3048 insidiatur

259 3082 347 3139 Arcus
364 3096 435 3139 :nec
449 3081 517 3137 mibi
532 3089 596 3139 sunt
606 3081 660 3138 tela
671 3098 723 3139 nee
737 3084 816 3139 busta
830 3085 922 3141 mluae.

225 3171 321 3230 Sidera
336 3173 508 3245 splendorem
521 3189 576 3229 non
587 3182 705 3248 possunt
717 3175 818 3233 addere
832 3176 895 3244 soli,

258 3262 329 3319 Cum
344 3274 455 3334 superet
468 3265 536 3322 solis
547 3265 652 3323 lumina
665 3274 766 3323 cuneta
776 3266 869 3338 jubar.

225 3352 256 3411 Bi
272 3352 341 3410 Cato
358 3357 408 3423 sis,
421 3364 448 3412 et
461 3356 502 3413 ris
517 3356 545 3413 in
560 3357 678 3413 candida
694 3366 800 3413 vertere
817 3357 906 3429 nigra,

260 3446 345 3503 Curia
359 3448 397 3504 sit
410 3463 484 3504 curae
495 3447 519 3480 ⁸⁸
536 3466 544 3504 r
560 3449 637 3504 dives
653 3455 681 3503 et
695 3461 757 3502 esse
765 3457 855 3521 potes.

225 3535 256 3592 ln
271 3539 377 3594 viseum
388 3536 517 3594 volueres
527 3537 603 3593 ducit
613 3552 676 3593 eum
689 3537 818 3593 cautibus
828 3550 940 3608 auceps,

262 3627 292 3683 lu
305 3627 430 3683 fraudem
443 3635 538 3696 genoes
553 3627 654 3683 blanda
667 3626 692 3661 ⁸⁸
702 3627 811 3701 loquela
822 3629 888 3685 riri.

228 3716 347 3789 impetus
358 3727 401 3774 cst
414 3716 498 3773 iuliis
512 3717 535 3749 ⁸⁸
550 3725 578 3774 et
592 3727 672 3776 rasta
682 3719 809 3781 leonibus
822 3722 876 3791 ira,

262 3807 297 3863 Et
315 3817 407 3864 tamen
421 3807 493 3864 inter
508 3821 539 3865 se
550 3808 597 3881 jus
610 3810 712 3868 sociale
724 3821 826 3871 tenent

228 3893 294 3953 Post
306 3906 414 3954 noctem
426 3912 539 3969 sperare
549 3900 634 3967 diem,
645 3910 708 3972 post
722 3903 815 3961 uubila
828 3905 926 3976 solem,

264 3985 331 4043 Post
343 3987 479 4061 lacrymas
493 3988 591 4057 risum,
606 3989 784 4064 laetitiamque
798 4003 888 4064 potes.

230 4078 331 4135 (brunia
343 4078 437 4137 Caesar
450 4090 520 4149 erat,
536 4083 584 4140 sed
597 4084 685 4158 gloria
698 4083 816 4142 Caesaris
829 4102 893 4144 esse

266 4169 352 4227 Desiit
366 4190 374 4228 a
386 4181 415 4228 et
427 4174 552 4231 tumulus
566 4174 612 4231 rix
626 4185 687 4231 erat
701 4175 724 4208 ⁸⁸
739 4185 802 4233 ueto
815 4178 926 4248 pedum.

236 4256 296 4320 lton
311 4263 368 4321 ruit
377 4263 406 4320 in
421 4280 514 4336 rupes,
526 4280 577 4322 nce
588 4266 616 4321 iu
633 4268 687 4322 alta
700 4267 821 4338 pericula
833 4271 911 4327 navis

266 4352 354 4423 Quam
366 4356 451 4412 maris
462 4356 490 4412 in
506 4364 597 4413 mutus
608 4357 711 4432 remige
721 4366 813 4416 rector
823 4359 890 4431 agit.

540 4447 655 4506 cubui
670 4448 705 4507 lb

231 4529 365 4593 Luctator
374 4551 437 4593 cum
449 4548 530 4594 tiocte
540 4538 610 4609 dios,
631 4553 694 4594 cum
706 4537 778 4595 nube
789 4554 929 4610 aerenum,

267 4628 338 4686 Cum
352 4630 472 4687 tenebris
486 4631 671 4687 iumentorum
686 4646 753 4689 nece
768 4632 824 4689 rita
840 4634 934 4707 rigens

233 4712 280 4777 bie
293 4721 371 4776 labor
386 4722 414 4776 in
427 4722 518 4790 nobis,
532 4738 596 4778 nam
610 4723 724 4794 spiritus
734 4731 763 4780 et
779 4738 844 4782 caro
857 4741 966 4798 semper

269 4809 411 4883 Pugnant3
425 4820 454 4868 et
464 4812 598 4869 morimur
611 4814 634 4870 si
647 4828 713 4872 caro
723 4818 815 4872 rlucat
824 4831 898 4872 eum.

233 4902 359 4959 Pondera
373 4912 464 4974 portat
477 4919 576 4976 equus,
587 4905 638 4961 bos
652 4912 753 4962 terram
769 4907 859 4964 sulcat
871 4918 974 4978 aratro,

271 4993 379 5049 llestem
393 4994 474 5050 tradit
483 4996 544 5051 oris
559 4995 581 5029 ⁸⁸
592 5013 601 5064 ς
614 5004 705 5052 serrat
719 4998 792 5054 ovile
806 4998 894 5055 canis.

235 5085 333 5143 Omnia
346 5088 446 5159 quippe
457 5102 515 5143 suae
530 5094 635 5145 natura
648 5088 738 5146 debita
752 5089 863 5146 solvunt

1045 452 1194 510 AEtbercus
1207 459 1299 507 motus
1310 458 1401 505 moret
1412 446 1506 504 omnia
1520 446 1613 503 sidera
1628 452 1726 517 praeter

1079 542 1170 600 Unum
1182 560 1191 611 ;
1208 542 1255 599 sed
1270 556 1378 612 semper
1389 540 1530 610 permanet
1541 537 1609 594 illud
1623 537 1705 593 idom.

1046 632 1093 689 Sic
1104 641 1235 690 constans
1245 638 1273 687 et
1282 630 1354 686 lidus
1365 630 1449 685 bomo
1462 629 1523 684 sine
1540 629 1595 684 bne
1609 628 1714 685 tenebit

1080 721 1197 780 iiunein
1211 732 1307 779 amore
1320 712 1346 754 ⁸⁸
1363 720 1490 784 modum,
1508 734 1591 789 quem
1613 727 1689 775 tenet
1712 718 1771 791 ipsc
1786 734 1837 777 se·

1716 806 1795 882 [mcii

1046 900 1167 960 Phoebus
1180 903 1215 959 ab
1228 917 1328 959 occasu
1342 917 1442 959 rursus
1458 908 1581 971 raptatur
1599 899 1633 956 ad
1648 907 1752 967 ortum,

1082 993 1168 1061 Quem
1180 994 1256 1064 prius
1267 994 1323 1048 bue
1334 992 1401 1049 illuc
1419 992 1547 1048 maehina
1562 1005 1642 1047 versa
1657 990 1719 1046 tulit
1733 998 1742 1045 i

1049 1086 1095 1146 bic
1108 1089 1136 1144 lu
1148 1090 1270 1146 amicitia
1282 1092 1403 1145 mundus
1416 1096 1481 1155 stat,
1492 1086 1590 1159 flagrat
1604 1093 1633 1143 et
1645 1066 1754 1157 alget⁸⁸

1083 1172 1194 1238 Corruil
1204 1190 1232 1238 et
1246 1183 1343 1253 surgit,
1359 1182 1432 1253 quod
1444 1176 1531 1254 magis
1545 1181 1613 1245 odit,
1622 1188 1698 1236 amat
1711 1179 1745 1238 ⁸¹.

1049 1271 1147 1329 Tutior
1159 1274 1187 1329 in
1203 1281 1276 1330 terra
1290 1270 1369 1330 loeus
1386 1282 1440 1340 est¹
1461 1289 1543 1344 quam
1556 1272 1679 1329 turribus
1690 1272 1763 1338 altit,

1085 1365 1137 1434 Qui
1151 1366 1227 1436 jacet
1240 1366 1267 1420 in
1281 1374 1365 1432 terra,
1381 1364 1529 1420 nonhabet
1541 1364 1613 1419 unde
1632 1364 1721 1419 cadat.

1048 1455 1168 1526 impetus
1179 1463 1207 1509 et
1221 1454 1305 1522 tenti,
1319 1452 1440 1509 tonitrus
1450 1461 1478 1509 et
1489 1451 1604 1507 fulmina
1618 1440 1709 1509 torret

1085 1544 1209 1600 Flatibus
1226 1551 1361 1611 evertunt,
1378 1551 1452 1599 stare
1463 1541 1510 1597 sed
1527 1541 1583 1596 ima
1597 1541 1704 1596 sinunt.

1050 1634 1111 1691 lion
1125 1640 1240 1704 possum
1252 1633 1374 1688 babitare
1386 1631 1480 1696 simui,
1495 1630 1635 1686 contraria
1649 1642 1712 1686 eum
1725 1615 1782 1686 sint

1019 1705 1040 1763 Β
1087 1721 1161 1779 liora
1171 1731 1199 1778 et
1209 1722 1266 1776 rita
1283 1721 1401 1792 {procul
1413 1718 1530 1776 dissidet
1544 1720 1603 1776 boo
1619 1719 1654 1775 ab
1666 1735 1698 1775 ea
1711 1732 1720 1776 t

1054 1811 1101 1870 sic
1113 1814 1168 1868 duo
1179 1817 1244 1868 suut
1250 1826 1311 1882 quae
1319 1825 1372 1867 nou
1381 1819 1498 1881 possunt
1510 1810 1634 1867 babitare
1646 1810 1669 1842 ⁸⁸
1681 1824 1730 1866 cor
1740 1801 1841 1879 uuum;

1089 1900 1177 1972 llujus
1187 1916 1265 1958 amor
1279 1900 1374 1956 mundi
1389 1915 1492 1967 ranus3
1507 1915 1641 1972 autorque
1657 1899 1705 1956 Dei
1721 1900 1755 1956 ⁸⁸.

1055 1990 1162 2048 Stratus
1174 1991 1250 2046 borni
1263 2007 1317 2047 non
1331 1991 1429 2064 surgit,
1442 1990 1506 2047 item
1522 1991 1588 2047 dum
1600 1992 1702 2063 poplite
1714 1990 1786 2048 bero

1089 2081 1170 2155 425
1181 2080 1274 2136 Portat
1283 2096 1354 2137 onus
1365 2096 1448 2153 prate
1461 2096 1517 2151 quo
1527 2083 1714 2153 precipitatur
1726 2097 1815 2153 equus
1832 2098 1843 2137 a

1056 2172 1102 2230 Sic
1114 2175 1196 2229 bomo
1210 2174 1259 2244 qui
1272 2187 1371 2244 magna
1385 2173 1516 2230 vitiorum
1528 2173 1599 2230 mole
1612 2183 1754 2244 gravatur,

1090 2264 1150 2321 Nou
1166 2266 1219 2322 nisi
1231 2265 1355 2336 deposita
1373 2264 1445 2320 mole
1459 2264 1549 2321 levare
1564 2274 1664 2336 potest.

1055 2354 1115 2412 lion
1128 2369 1184 2427 qun
1195 2363 1278 2411 nauta
1289 2355 1372 2423 volet,
1386 2355 1434 2412 sed
1446 2370 1503 2427 quo
1519 2356 1595 2411 nebit
1615 2356 1639 2393 ⁸⁸
1660 2354 1740 2422 abra,
1758 2357 1845 2414 rebe*

1760 2452 1807 2507 tor

1092 2533 1204 2605 Puppis,
1220 2546 1283 2590 cum
1299 2530 1396 2588 tumidi
1406 2534 1512 2589 uenerit
1524 2533 1599 2591 unda
1614 2535 1710 2595 maris.
1748 2448 1759 2524 Ι

1056 2623 1118 2681 lion
1131 2640 1186 2697 quo
1203 2622 1385 2697 propositum,
1407 2624 1455 2680 sed
1470 2636 1526 2697 quo
1550 2640 1611 2684 sura
1633 2629 1721 2685 tendit
1731 2624 1756 2662 ¹⁸
1773 2633 1847 2684 οιιιιῑἱ

1729 2718 1806 2795 [dum

1092 2792 1213 2866 'collibet
1222 2818 1282 2879 est;
1297 2825 1396 2869 omnes
1410 2810 1463 2868 bac
1479 2811 1558 2868 decet
1569 2811 1609 2869 ire
1621 2810 1701 2870 duee.

1058 2902 1176 2973 Apparet
1187 2903 1350 2973 phantasma
1363 2904 1450 2972 riris;
1465 2904 1512 2960 sed
1525 2918 1622 2961 rursus
1636 2905 1671 2961 ab
1685 2906 1740 2963 illis

1096 2991 1219 3049 Vertitur
1231 2994 1259 3049 in
1270 2994 1400 3063 nibilum,
1417 2996 1491 3069 qtrod
1507 2996 1561 3052 luit
1574 3005 1637 3054 ante
1649 2998 1717 3059 nibil
1729 2996 1737 3054 a

1061 3082 1108 3139 Sin
1122 3091 1150 3138 et
1164 3084 1252 3149 adest
1266 3093 1295 3141 et
1307 3086 1385 3143 abest
1397 3084 1503 3159 fugitivi
1515 3088 1602 3159 gloria
1617 3089 1710 3147 mundi
1727 3088 1772 3157 ⁸⁸:

1094 3172 1153 3230 Non
1167 3175 1244 3246 prius
1258 3175 1397 3246 adventat,
1409 3193 1492 3250 quam
1511 3178 1590 3251 qrrasi
1601 3194 1716 3239 somnus
1728 3189 1783 3237 eati

1061 3263 1130 3320 bum
1143 3266 1218 3322 calor
1229 3274 1281 3333 est,
1293 3274 1321 3323 ct
1334 3267 1450 3338 pulcbra
1463 3269 1533 3336 dies.
1545 3269 1661 3329 formica
1674 3271 1790 3339 laborat.

1096 3355 1135 3413 lle
1146 3367 1239 3427 pereat
1255 3357 1321 3413 dum
1336 3358 1384 3415 nir
1398 3360 1503 3416 uenerit
1515 3360 1581 3428 alta,
1596 3360 1689 3420 lame:

1064 3445 1230 3519 Sicjuvenis
1247 3448 1314 3505 dum
1327 3458 1434 3521 tempus
1451 3450 1533 3509 babet
1543 3454 1691 3512 sudoribus
1702 3462 1793 3528 aptum

1025 3550 1029 3559 ·
1097 3531 1208 3600 Quaerat
1222 3546 1278 3605 quo
1294 3532 1382 3605 possit
1392 3535 1463 3594 lassa
1479 3546 1589 3595 senecta
1606 3538 1671 3597 irui.

1062 3619 1121 3678 Non
1133 3622 1201 3679 adeo
1212 3623 1329 3680 sublime
1339 3624 1411 3680 ierat
1424 3624 1492 3683 levis
1510 3628 1553 3683 ala
1567 3628 1719 3700 volucrem.

1099 3712 1171 3781 Quin
1187 3714 1282 3770 redeat
1295 3730 1393 3773 rursus
1407 3730 1473 3772 rura
1484 3716 1579 3774 relicta
1595 3728 1701 3789 petens.

1063 3803 1124 3861 Nou
1142 3807 1180 3862 ita
1192 3807 1338 3864 subvectos
1350 3815 1411 3863 rota
1426 3821 1543 3879 surgens
1557 3809 1630 3866 tollit
1642 3811 1670 3869 in
1683 3812 1780 3880 altum

1098 3898 1170 3969 Quin
1188 3914 1301 3971 serpena
1316 3899 1378 3956 ilios
1389 3914 1487 3957 rursus
1501 3901 1536 3958 ad
1549 3901 1605 3960 ima
1620 3905 1699 3969 ierat.

1064 3987 1164 4046 Ebrius
1173 3999 1237 4047 ante
1247 3990 1316 4047 bibit
1327 4004 1410 4062 quam
1421 3999 1546 4062 nausmt,
1559 4004 1624 4052 ante
1635 3996 1730 4070 ligurit

1099 4082 1187 4150 Quam
1199 4091 1309 4153 romat;
1322 4092 1385 4141 ente
1395 4084 1468 4143 leuat
1478 4102 1563 4159 quam
1584 4091 1653 4161 podo
1670 4093 1768 4153 damus
1780 4106 1824 4154 cat
1839 4100 1848 4155 i

1063 4172 1124 4231 lieu
1141 4176 1182 4232 sic
1201 4175 1229 4230 ln
1242 4173 1334 4244 uobis.
1348 4190 1405 4234 uon
1420 4189 1464 4236 est
1477 4182 1519 4241 sic
1532 4184 1601 4241 ordo
1621 4195 1754 4257 retentus,

1099 4266 1170 4322 Ante
1181 4266 1279 4323 docere
1293 4266 1377 4324 modo
1391 4282 1475 4341 quam
1492 4274 1624 4335 didicisse
1630 4279 1719 4349 Juvat.

1030 4358 1054 4421 b
1067 4359 1126 4418 Non
1139 4362 1239 4419 emitur
1251 4376 1315 4420 care
1325 4378 1372 4421 res
1379 4365 1487 4438 legibus
1498 4377 1590 4439 empta
1602 4368 1744 4455 fororumr

1103 4451 1235 4511 Venditor
1244 4466 1272 4511 et
1286 4466 1391 4528 emptor
1405 4468 1468 4524 suut
1482 4458 1520 4516 ibi
1534 4475 1625 4518 meree
1635 4461 1659 4497 ⁸⁸
1672 4478 1772 4533 paret:

1070 4544 1123 4602 Sed
1138 4546 1207 4602 nibil
1219 4554 1262 4603 est
1273 4547 1347 4619 quod
1361 4549 1396 4605 sit
1406 4550 1457 4607 sub
1471 4552 1542 4608 coeio
1555 4552 1649 4611 carius
1665 4563 1798 4625 emptum,

1104 4636 1192 4706 Quam
1209 4639 1282 4710 quod
1293 4649 1388 4698 emunt
1404 4640 1491 4713 longae
1504 4642 1594 4701 fronte
1603 4655 1699 4703 ruento
1710 4648 1734 4682 ⁸⁸
1746 4663 1851 4719 proces.

1068 4730 1201 4788 mutibus
1214 4734 1311 4790 atritas
1322 4734 1374 4795 bos
1387 4751 1485 4793 rursus
1496 4739 1619 4795 ruminat
1634 4739 1744 4808 herbas,

1106 4821 1142 4879 ilt
1151 4824 1232 4881 toties
1242 4825 1324 4893 tritae,
1337 4824 1393 4883 sint
1406 4826 1536 4886 alimenta
1551 4831 1603 4887 sibi
1619 4847 1627 4886 z

1071 4914 1119 4972 Sic
1131 4916 1295 4972 documenta
1309 4918 1349 4973 rui
1361 4917 1384 4973 si
1400 4918 1442 4975 ris
1459 4920 1579 4979 retinere
1594 4922 1729 4993 magistri.

1107 5006 1184 5078 Saepe
1197 5008 1350 5065 recorderis
1361 5008 1435 5081 quod
1452 5010 1536 5067 semei
1546 5028 1613 5068 aure
1626 5015 1713 5085 capis.

1073 5095 1195 5154 llolllbus
1211 5096 1334 5154 inclusas
1350 5097 1427 5154 iaber
1441 5097 1583 5169 improbus
1593 5104 1695 5160 excitat
1708 5118 1801 5171 rurasa

869 5181 985 5242 ldltlAE
1005 5185 1206 5246 bublionem

236 5268 398 5372 “⁸⁸Peste,
417 5270 495 5327 idest
508 5278 641 5353 tempesta
654 5287 702 5343 pre
717 5280 887 5356 tempestate.
924 5275 1195 5335 “alternaturam
1209 5279 1278 5352 :qui
1292 5280 1357 5339 dare
1372 5294 1407 5340 ae
1428 5281 1552 5339 uiteam.
1586 5278 1610 5317 ⁸⁸
1624 5281 1724 5342 Verba.
1753 5285 1853 5341 ⁸⁸0ro.

275 5338 401 5412 Eloquro.
457 5342 481 5375 ⁸⁸
500 5341 566 5396 Aba
586 5344 640 5398 duo
663 5343 826 5413 mmpiortc
838 5344 944 5412 babent,
956 5362 1040 5403 anum
1057 5350 1187 5451 μνᾶκοά
1198 5361 1389 5407 commentator
1402 5297 1599 5426 §isirinteilipi
1613 5355 1705 5412 debere
1726 5360 1853 5413 caudatus

237 5410 261 5442 ⁸⁸
273 5408 353 5465 [lum.
371 5410 528 5483 ⁸⁸Curaque
541 5415 578 5469 sit
586 5426 670 5469 curae.
687 5411 831 5483 “Leptsn
846 5414 938 5471 blaesa.
958 5415 983 5448 ⁸⁸
991 5417 1090 5490 Spiris.

1138 5418 1251 5493 boysen
1264 5425 1397 5478 tumulum
1414 5424 1459 5478 tir
1470 5423 1557 5479 brier.
1578 5424 1601 5457 ⁸⁸
1613 5425 1783 5496 Exemplum
1798 5428 1857 5480 alic

237 5479 348 5550 tepent:
363 5478 469 5536 Vellera
481 5491 573 5551 portat
585 5482 654 5539 uiis.
682 5480 707 5514 ⁸⁸
718 5481 816 5552 leym
839 5500 924 5542 more.
952 5486 976 5519 ⁸⁸
992 5487 1053 5541 [luo
1062 5488 1225 5558 exemplario
1237 5493 1331 5548 rubent
1348 5494 1435 5549 ardet.
1463 5492 1486 5525 ⁸¹
1501 5496 1583 5548 Amat
1594 5497 1661 5552 odit.
1699 5498 1724 5530 ⁸⁸
1739 5498 1854 5554 lntmre.

238 5540 266 5648 εἰ
283 5546 377 5629 lanus
389 5565 468 5604 amor
483 5551 589 5619 mundi.
604 5566 685 5608 renus
698 5566 831 5621 amor-pue
842 5553 900 5614 [lei.
956 5556 981 5589 ⁸⁸
992 5555 1082 5614 Volet.
1139 5557 1322 5630 “diremptor
1347 5562 1531 5633 obambulet,
1547 5563 1622 5621 ducit
1636 5583 1643 5633 ;
1659 5568 1744 5634 aliud,
1762 5571 1852 5625 dotum

276 5617 358 5671 attor
369 5618 602 5690 resupinatam.
614 5636 716 5679 tensus
753 5621 776 5657 ⁸⁸
794 5620 884 5681 Mente
933 5626 957 5660 ⁸⁸
973 5624 1082 5698 brpsrr,
1097 5627 1222 5684 suberret
