<?xml version="1.0" encoding="UTF-8"?>
<!DOCTYPE html PUBLIC "-//W3C//DTD XHTML 1.0 Transitional//EN"
    "http://www.w3.org/TR/xhtml1/DTD/xhtml1-transitional.dtd">
<html xmlns="http://www.w3.org/1999/xhtml" xml:lang="en" lang="en">
 <head>
  <title>
</title>
<meta http-equiv="Content-Type" content="text/html;charset=utf-8" />
  <meta name='ocr-system' content='tesseract 3.04.00' />
  <meta name='ocr-capabilities' content='ocr_page ocr_carea ocr_par ocr_line ocrx_word'/>
</head>
<body>
  <div class='ocr_page' id='page_1' title='image "./patrologiaecurs127migngoog/patrologiaecurs127migngoog_0039.png"; bbox 0 0 3992 6042; ppageno 0'>
   <div class='ocr_carea' id='block_1_1' title="bbox 121 216 1746 282">
    <p class='ocr_par' dir='ltr' id='par_1_1' title="bbox 121 216 1746 282">
     <span class='ocr_line' id='line_1_1' title="bbox 121 216 1746 282; baseline -0.002 -3"><span class='ocrx_word' id='word_1_1' title='bbox 121 223 158 282; x_wconf 71' lang='lat' dir='ltr'>dd</span> <span class='ocrx_word' id='word_1_2' title='bbox 639 221 850 281; x_wconf 74' lang='lat' dir='ltr'>bhuclbnllo</span> <span class='ocrx_word' id='word_1_3' title='bbox 867 219 900 278; x_wconf 77' lang='lat' dir='ltr'>iii</span> <span class='ocrx_word' id='word_1_4' title='bbox 919 217 1069 278; x_wconf 75' lang='lat' dir='ltr'>cadurca</span> <span class='ocrx_word' id='word_1_5' title='bbox 1088 216 1226 275; x_wconf 73' lang='lat' dir='ltr'>cantic.</span> <span class='ocrx_word' id='word_1_6' title='bbox 1711 217 1746 277; x_wconf 85' lang='lat' dir='ltr'>&#39;iii</span> 
     </span>
    </p>
   </div>
   <div class='ocr_carea' id='block_1_2' title="bbox 120 333 1748 868">
    <p class='ocr_par' dir='ltr' id='par_1_2' title="bbox 121 333 1745 499">
     <span class='ocr_line' id='line_1_2' title="bbox 121 333 1745 409; baseline 0.001 -18"><span class='ocrx_word' id='word_1_7' title='bbox 121 333 394 401; x_wconf 80' lang='lat' dir='ltr'>nisreritatem,u0n</span> <span class='ocrx_word' id='word_1_8' title='bbox 404 339 494 386; x_wconf 89' lang='lat' dir='ltr'>tamen</span> <span class='ocrx_word' id='word_1_9' title='bbox 505 333 910 409; x_wconf 81' lang='lat' dir='ltr'>carniaconcupiscibilitatem3</span> <span class='ocrx_word' id='word_1_10' title='bbox 924 341 948 398; x_wconf 71' lang='grc' dir='ltr'><strong>Α</strong></span> <span class='ocrx_word' id='word_1_11' title='bbox 965 333 1092 388; x_wconf 89' lang='lat' dir='ltr'>mitatum</span> <span class='ocrx_word' id='word_1_12' title='bbox 1105 347 1121 385; x_wconf 94' lang='lat' dir='ltr'>a</span> <span class='ocrx_word' id='word_1_13' title='bbox 1136 346 1180 387; x_wconf 91' lang='lat' dir='ltr'>me</span> <span class='ocrx_word' id='word_1_14' title='bbox 1195 338 1335 402; x_wconf 86' lang='lat' dir='ltr'>amputata</span> <span class='ocrx_word' id='word_1_15' title='bbox 1349 337 1400 397; x_wconf 87' lang='lat' dir='ltr'>est,</span> <span class='ocrx_word' id='word_1_16' title='bbox 1419 338 1447 386; x_wconf 88' lang='lat' dir='ltr'>et</span> <span class='ocrx_word' id='word_1_17' title='bbox 1466 334 1556 389; x_wconf 86' lang='lat' dir='ltr'>omnis</span> <span class='ocrx_word' id='word_1_18' title='bbox 1571 333 1745 393; x_wconf 85' lang='lat' dir='ltr'>inddeiitasa</span> 
     </span>
     <span class='ocr_line' id='line_1_3' title="bbox 122 424 1302 499; baseline -0.006 -16"><span class='ocrx_word' id='word_1_19' title='bbox 122 428 178 484; x_wconf 87' lang='lat' dir='ltr'>etsi</span> <span class='ocrx_word' id='word_1_20' title='bbox 199 437 339 492; x_wconf 85' lang='lat' dir='ltr'>naturam,</span> <span class='ocrx_word' id='word_1_21' title='bbox 351 438 507 481; x_wconf 86' lang='lat' dir='ltr'>nontamen</span> <span class='ocrx_word' id='word_1_22' title='bbox 519 425 640 495; x_wconf 87' lang='lat' dir='ltr'>cuipam.</span> <span class='ocrx_word' id='word_1_23' title='bbox 654 424 733 483; x_wconf 89' lang='lat' dir='ltr'>Unde</span> <span class='ocrx_word' id='word_1_24' title='bbox 744 427 912 499; x_wconf 75' lang='lat' dir='ltr'>iegituressc</span> <span class='ocrx_word' id='word_1_25' title='bbox 961 424 1090 479; x_wconf 82' lang='lat' dir='ltr'>cordibus</span> <span class='ocrx_word' id='word_1_26' title='bbox 1105 424 1302 493; x_wconf 87' lang='lat' dir='ltr'>apostolorum.</span> 
     </span>
    </p>

    <p class='ocr_par' dir='ltr' id='par_1_3' title="bbox 121 514 1353 588">
     <span class='ocr_line' id='line_1_4' title="bbox 121 514 1353 588; baseline -0.006 -12"><span class='ocrx_word' id='word_1_27' title='bbox 121 526 214 576; x_wconf 76' lang='lat' dir='ltr'>iaetus</span> <span class='ocrx_word' id='word_1_28' title='bbox 232 535 286 575; x_wconf 89' lang='lat' dir='ltr'>non</span> <span class='ocrx_word' id='word_1_29' title='bbox 307 519 335 574; x_wconf 88' lang='lat' dir='ltr'>in</span> <span class='ocrx_word' id='word_1_30' title='bbox 357 534 469 573; x_wconf 90' lang='lat' dir='ltr'>carnem</span> <span class='ocrx_word' id='word_1_31' title='bbox 491 518 683 588; x_wconf 75' lang='lat' dir='ltr'>peccatricem,</span> <span class='ocrx_word' id='word_1_32' title='bbox 700 519 747 573; x_wconf 89' lang='lat' dir='ltr'>sed</span> <span class='ocrx_word' id='word_1_33' title='bbox 766 519 793 571; x_wconf 89' lang='lat' dir='ltr'>in</span> <span class='ocrx_word' id='word_1_34' title='bbox 819 515 912 571; x_wconf 92' lang='lat' dir='ltr'>carnis</span> <span class='ocrx_word' id='word_1_35' title='bbox 1002 514 1059 568; x_wconf 76' lang='lat' dir='ltr'>i&#39;oc</span> <span class='ocrx_word' id='word_1_36' title='bbox 1072 516 1184 568; x_wconf 85' lang='lat' dir='ltr'>turturis</span> <span class='ocrx_word' id='word_1_37' title='bbox 1196 516 1288 569; x_wconf 85' lang='lat' dir='ltr'>audita</span> <span class='ocrx_word' id='word_1_38' title='bbox 1305 526 1353 570; x_wconf 83' lang='lat' dir='ltr'>est.</span> 
     </span>
    </p>

    <p class='ocr_par' dir='ltr' id='par_1_4' title="bbox 120 607 1748 868">
     <span class='ocr_line' id='line_1_5' title="bbox 120 607 1748 684; baseline -0.002 -15"><span class='ocrx_word' id='word_1_39' title='bbox 120 613 287 684; x_wconf 87' lang='lat' dir='ltr'>peccatricis</span> <span class='ocrx_word' id='word_1_40' title='bbox 308 610 517 667; x_wconf 73' lang='lat' dir='ltr'>sirniitmdinern</span> <span class='ocrx_word' id='word_1_41' title='bbox 537 610 624 681; x_wconf 90' lang='lat' dir='ltr'>(iionr.</span> <span class='ocrx_word' id='word_1_42' title='bbox 639 610 710 679; x_wconf 83' lang='lat' dir='ltr'>vrrs).</span> <span class='ocrx_word' id='word_1_43' title='bbox 734 608 812 665; x_wconf 84' lang='lat' dir='ltr'><strong>Unde</strong></span> <span class='ocrx_word' id='word_1_44' title='bbox 827 607 912 663; x_wconf 81' lang='lat' dir='ltr'>Dasiri</span> <span class='ocrx_word' id='word_1_45' title='bbox 996 609 1049 666; x_wconf 87' lang='lat' dir='ltr'>Per</span> <span class='ocrx_word' id='word_1_46' title='bbox 1064 619 1197 667; x_wconf 89' lang='lat' dir='ltr'>turturem</span> <span class='ocrx_word' id='word_1_47' title='bbox 1212 629 1282 682; x_wconf 82' lang='lat' dir='ltr'>qrrae,</span> <span class='ocrx_word' id='word_1_48' title='bbox 1297 621 1325 666; x_wconf 86' lang='grc' dir='ltr'>ιιι</span> <span class='ocrx_word' id='word_1_49' title='bbox 1336 612 1500 680; x_wconf 86' lang='lat' dir='ltr'>dictumest,</span> <span class='ocrx_word' id='word_1_50' title='bbox 1514 613 1748 669; x_wconf 74' lang='lat' dir='ltr'>inconsolabiliter</span> 
     </span>
     <span class='ocr_line' id='line_1_6' title="bbox 122 696 1748 776; baseline -0.002 -14"><span class='ocrx_word' id='word_1_51' title='bbox 122 707 158 762; x_wconf 87' lang='lat' dir='ltr'>dc</span> <span class='ocrx_word' id='word_1_52' title='bbox 179 704 290 762; x_wconf 80' lang='lat' dir='ltr'>Christo</span> <span class='ocrx_word' id='word_1_53' title='bbox 309 703 426 773; x_wconf 82' lang='lat' dir='ltr'>iaqueus</span> <span class='ocrx_word' id='word_1_54' title='bbox 445 711 577 772; x_wconf 86' lang='lat' dir='ltr'>tanquam</span> <span class='ocrx_word' id='word_1_55' title='bbox 594 703 628 756; x_wconf 91' lang='lat' dir='ltr'>de</span> <span class='ocrx_word' id='word_1_56' title='bbox 651 701 736 772; x_wconf 81' lang='lat' dir='ltr'>ligno,</span> <span class='ocrx_word' id='word_1_57' title='bbox 760 700 818 755; x_wconf 85' lang='lat' dir='ltr'>ait:</span> <span class='ocrx_word' id='word_1_58' title='bbox 844 717 854 751; x_wconf 82' lang='grc' dir='ltr'>ι</span> <span class='ocrx_word' id='word_1_59' title='bbox 880 696 913 752; x_wconf 79' lang='lat' dir='ltr'>Et</span> <span class='ocrx_word' id='word_1_60' title='bbox 962 704 1036 758; x_wconf 91' lang='lat' dir='ltr'>dolet</span> <span class='ocrx_word' id='word_1_61' title='bbox 1048 706 1151 760; x_wconf 91' lang='lat' dir='ltr'>amisso</span> <span class='ocrx_word' id='word_1_62' title='bbox 1170 705 1247 773; x_wconf 91' lang='lat' dir='ltr'>pari,</span> <span class='ocrx_word' id='word_1_63' title='bbox 1264 708 1395 776; x_wconf 80' lang='lat' dir='ltr'>liguratur</span> <span class='ocrx_word' id='word_1_64' title='bbox 1409 704 1493 759; x_wconf 88' lang='lat' dir='ltr'>liaria</span> <span class='ocrx_word' id='word_1_65' title='bbox 1506 705 1671 775; x_wconf 77' lang='lat' dir='ltr'>hiagdaicne.</span> <span class='ocrx_word' id='word_1_66' title='bbox 1687 719 1748 774; x_wconf 78' lang='lat' dir='ltr'>oure</span> 
     </span>
     <span class='ocr_line' id='line_1_7' title="bbox 122 778 1746 868; baseline -0.001 -14"><span class='ocrx_word' id='word_1_67' title='bbox 122 799 179 854; x_wconf 89' lang='lat' dir='ltr'>erit</span> <span class='ocrx_word' id='word_1_68' title='bbox 189 807 319 868; x_wconf 84' lang='lat' dir='ltr'>tanquam</span> <span class='ocrx_word' id='word_1_69' title='bbox 334 794 439 865; x_wconf 73' lang='lat' dir='ltr'>liguum</span> <span class='ocrx_word' id='word_1_70' title='bbox 459 794 532 865; x_wconf 83' lang='lat' dir='ltr'>quod</span> <span class='ocrx_word' id='word_1_71' title='bbox 549 793 702 864; x_wconf 74' lang='lat' dir='ltr'>placiacum</span> <span class='ocrx_word' id='word_1_72' title='bbox 719 800 771 857; x_wconf 90' lang='lat' dir='ltr'>est,</span> <span class='ocrx_word' id='word_1_73' title='bbox 791 809 801 842; x_wconf 85' lang='lat' dir='ltr'>r</span> <span class='ocrx_word' id='word_1_74' title='bbox 816 806 872 844; x_wconf 91' lang='lat' dir='ltr'>nou</span> <span class='ocrx_word' id='word_1_75' title='bbox 885 790 911 843; x_wconf 89' lang='lat' dir='ltr'>in</span> <span class='ocrx_word' id='word_1_76' title='bbox 962 794 1296 852; x_wconf 80' lang='lat' dir='ltr'>ruaslmedoiuitriduata</span> <span class='ocrx_word' id='word_1_77' title='bbox 1309 796 1366 851; x_wconf 80' lang='lat' dir='ltr'>siro</span> <span class='ocrx_word' id='word_1_78' title='bbox 1379 797 1525 866; x_wconf 75' lang='lat' dir='ltr'>spirituali,</span> <span class='ocrx_word' id='word_1_79' title='bbox 1538 797 1564 850; x_wconf 89' lang='lat' dir='ltr'>id</span> <span class='ocrx_word' id='word_1_80' title='bbox 1574 778 1746 863; x_wconf 84' lang='lat' dir='ltr'>estChristo;</span> 
     </span>
    </p>
   </div>
   <div class='ocr_carea' id='block_1_3' title="bbox 122 880 1850 955">
    <p class='ocr_par' dir='ltr' id='par_1_5' title="bbox 122 880 1850 955">
     <span class='ocr_line' id='line_1_8' title="bbox 122 880 1850 955; baseline 0 -11"><span class='ocrx_word' id='word_1_81' title='bbox 122 887 299 954; x_wconf 78' lang='lat' dir='ltr'>decursibus,</span> <span class='ocrx_word' id='word_1_82' title='bbox 320 886 369 942; x_wconf 91' lang='lat' dir='ltr'>sed</span> <span class='ocrx_word' id='word_1_83' title='bbox 387 904 397 938; x_wconf 85' lang='lat' dir='ltr'>r</span> <span class='ocrx_word' id='word_1_84' title='bbox 415 899 496 940; x_wconf 89' lang='lat' dir='ltr'>secus</span> <span class='ocrx_word' id='word_1_85' title='bbox 511 884 646 940; x_wconf 88' lang='lat' dir='ltr'>decursus</span> <span class='ocrx_word' id='word_1_86' title='bbox 661 899 794 954; x_wconf 79' lang='lat' dir='ltr'>aquarum</span> <span class='ocrx_word' id='word_1_87' title='bbox 822 880 911 951; x_wconf 79' lang='lat' dir='ltr'>(Psoi.</span> <span class='ocrx_word' id='word_1_88' title='bbox 963 885 1043 954; x_wconf 71' lang='lat' dir='ltr'>errius</span> <span class='ocrx_word' id='word_1_89' title='bbox 1058 901 1111 940; x_wconf 80' lang='lat' dir='ltr'>vos</span> <span class='ocrx_word' id='word_1_90' title='bbox 1127 889 1238 942; x_wconf 90' lang='lat' dir='ltr'>interra</span> <span class='ocrx_word' id='word_1_91' title='bbox 1255 895 1360 951; x_wconf 87' lang='lat' dir='ltr'>nostra,</span> <span class='ocrx_word' id='word_1_92' title='bbox 1375 888 1400 942; x_wconf 87' lang='lat' dir='ltr'>id</span> <span class='ocrx_word' id='word_1_93' title='bbox 1412 897 1454 942; x_wconf 88' lang='lat' dir='ltr'>est</span> <span class='ocrx_word' id='word_1_94' title='bbox 1464 886 1565 941; x_wconf 73' lang='lat' dir='ltr'>lubae</span> <span class='ocrx_word' id='word_1_95' title='bbox 1578 889 1670 943; x_wconf 88' lang='lat' dir='ltr'>audita</span> <span class='ocrx_word' id='word_1_96' title='bbox 1686 888 1747 955; x_wconf 84' lang='lat' dir='ltr'>init,</span> <span class='ocrx_word' id='word_1_97' title='bbox 1842 908 1850 920; x_wconf 80' lang='lat'><strong>·</strong></span> 
     </span>
    </p>
   </div>
   <div class='ocr_carea' id='block_1_4' title="bbox 121 976 1755 2417">
    <p class='ocr_par' dir='ltr' id='par_1_6' title="bbox 124 976 1531 1049">
     <span class='ocr_line' id='line_1_9' title="bbox 124 976 1531 1049; baseline -0.002 -16"><span class='ocrx_word' id='word_1_98' title='bbox 124 979 157 1049; x_wconf 89' lang='grc' dir='ltr'>ι).</span> <span class='ocrx_word' id='word_1_99' title='bbox 173 997 184 1031; x_wconf 85' lang='lat' dir='ltr'>s</span> <span class='ocrx_word' id='word_1_100' title='bbox 212 979 293 1049; x_wconf 71' lang='lat' dir='ltr'>Quia,</span> <span class='ocrx_word' id='word_1_101' title='bbox 307 993 370 1034; x_wconf 89' lang='lat' dir='ltr'>cum</span> <span class='ocrx_word' id='word_1_102' title='bbox 384 990 433 1047; x_wconf 90' lang='lat' dir='ltr'>per</span> <span class='ocrx_word' id='word_1_103' title='bbox 447 992 533 1048; x_wconf 88' lang='lat' dir='ltr'>aquas</span> <span class='ocrx_word' id='word_1_104' title='bbox 546 976 716 1048; x_wconf 80' lang='lat' dir='ltr'>significatur</span> <span class='ocrx_word' id='word_1_105' title='bbox 728 977 848 1031; x_wconf 88' lang='lat' dir='ltr'>humana</span> <span class='ocrx_word' id='word_1_106' title='bbox 864 989 914 1028; x_wconf 88' lang='lat' dir='ltr'>na·</span> <span class='ocrx_word' id='word_1_107' title='bbox 963 976 1074 1045; x_wconf 85' lang='lat' dir='ltr'>quarrdo</span> <span class='ocrx_word' id='word_1_108' title='bbox 1089 977 1319 1031; x_wconf 86' lang='lat' dir='ltr'>resurrectionem</span> <span class='ocrx_word' id='word_1_109' title='bbox 1335 977 1507 1031; x_wconf 79' lang='lat' dir='ltr'>arinuntiarit</span> <span class='ocrx_word' id='word_1_110' title='bbox 1524 995 1531 1030; x_wconf 93' lang='lat'><strong>:</strong></span> 
     </span>
    </p>

    <p class='ocr_par' dir='ltr' id='par_1_7' title="bbox 124 1066 1746 1230">
     <span class='ocr_line' id='line_1_10' title="bbox 124 1066 1746 1138; baseline -0.001 -13"><span class='ocrx_word' id='word_1_111' title='bbox 124 1079 196 1135; x_wconf 80' lang='lat' dir='ltr'>turs,</span> <span class='ocrx_word' id='word_1_112' title='bbox 213 1085 269 1125; x_wconf 90' lang='lat' dir='ltr'>non</span> <span class='ocrx_word' id='word_1_113' title='bbox 284 1070 312 1125; x_wconf 91' lang='lat' dir='ltr'>in</span> <span class='ocrx_word' id='word_1_114' title='bbox 335 1067 410 1124; x_wconf 82' lang='lat' dir='ltr'>husu</span> <span class='ocrx_word' id='word_1_115' title='bbox 426 1071 555 1125; x_wconf 76' lang='lat' dir='ltr'>humanae</span> <span class='ocrx_word' id='word_1_116' title='bbox 577 1078 683 1123; x_wconf 86' lang='lat' dir='ltr'>naturae</span> <span class='ocrx_word' id='word_1_117' title='bbox 697 1069 855 1122; x_wconf 90' lang='lat' dir='ltr'>incarnatus</span> <span class='ocrx_word' id='word_1_118' title='bbox 871 1073 914 1119; x_wconf 87' lang='lat' dir='ltr'>cst</span> <span class='ocrx_word' id='word_1_119' title='bbox 1000 1066 1082 1121; x_wconf 85' lang='lat' dir='ltr'>Ficus</span> <span class='ocrx_word' id='word_1_120' title='bbox 1095 1067 1206 1137; x_wconf 85' lang='lat' dir='ltr'>protulit</span> <span class='ocrx_word' id='word_1_121' title='bbox 1230 1084 1334 1138; x_wconf 77' lang='lat' dir='ltr'>prossus</span> <span class='ocrx_word' id='word_1_122' title='bbox 1348 1085 1421 1135; x_wconf 84' lang='lat' dir='ltr'>suos,</span> <span class='ocrx_word' id='word_1_123' title='bbox 1436 1069 1517 1123; x_wconf 81' lang='lat' dir='ltr'>uineoe</span> <span class='ocrx_word' id='word_1_124' title='bbox 1544 1069 1666 1137; x_wconf 73' lang='lat' dir='ltr'>florentes</span> <span class='ocrx_word' id='word_1_125' title='bbox 1684 1070 1746 1124; x_wconf 83' lang='lat' dir='ltr'>cdo·</span> 
     </span>
     <span class='ocr_line' id='line_1_11' title="bbox 124 1156 1171 1230; baseline -0.002 -16"><span class='ocrx_word' id='word_1_126' title='bbox 124 1160 255 1217; x_wconf 84' lang='lat' dir='ltr'>Christus</span> <span class='ocrx_word' id='word_1_127' title='bbox 268 1171 399 1230; x_wconf 89' lang='lat' dir='ltr'>tanquam</span> <span class='ocrx_word' id='word_1_128' title='bbox 422 1159 457 1214; x_wconf 92' lang='lat' dir='ltr'>ad</span> <span class='ocrx_word' id='word_1_129' title='bbox 484 1159 610 1229; x_wconf 86' lang='lat' dir='ltr'>cuipam;</span> <span class='ocrx_word' id='word_1_130' title='bbox 626 1159 674 1214; x_wconf 90' lang='lat' dir='ltr'>sed</span> <span class='ocrx_word' id='word_1_131' title='bbox 698 1156 849 1214; x_wconf 88' lang='lat' dir='ltr'>secundom</span> <span class='ocrx_word' id='word_1_132' title='bbox 866 1156 914 1211; x_wconf 85' lang='lat' dir='ltr'>de·</span> <span class='ocrx_word' id='word_1_133' title='bbox 964 1158 1171 1214; x_wconf 76' lang='lat' dir='ltr'>residederent.</span> 
     </span>
    </p>

    <p class='ocr_par' dir='ltr' id='par_1_8' title="bbox 121 1239 1755 1949">
     <span class='ocr_line' id='line_1_12' title="bbox 124 1239 1751 1323; baseline -0.002 -16"><span class='ocrx_word' id='word_1_134' title='bbox 124 1269 239 1308; x_wconf 82' lang='lat' dir='ltr'>cursum</span> <span class='ocrx_word' id='word_1_135' title='bbox 254 1254 383 1308; x_wconf 80' lang='lat' dir='ltr'>humanae</span> <span class='ocrx_word' id='word_1_136' title='bbox 398 1244 514 1319; x_wconf 75' lang='lat' dir='ltr'>uaturse,</span> <span class='ocrx_word' id='word_1_137' title='bbox 541 1251 605 1323; x_wconf 87' lang='lat' dir='ltr'>quia</span> <span class='ocrx_word' id='word_1_138' title='bbox 628 1260 655 1307; x_wconf 90' lang='lat' dir='ltr'>et</span> <span class='ocrx_word' id='word_1_139' title='bbox 669 1249 805 1306; x_wconf 87' lang='lat' dir='ltr'>delectum</span> <span class='ocrx_word' id='word_1_140' title='bbox 826 1262 914 1319; x_wconf 80' lang='lat' dir='ltr'>prenae</span> <span class='ocrx_word' id='word_1_141' title='bbox 1002 1244 1155 1317; x_wconf 74' lang='lat' dir='ltr'>synagoga,</span> <span class='ocrx_word' id='word_1_142' title='bbox 1175 1261 1237 1317; x_wconf 75' lang='lat' dir='ltr'>quae</span> <span class='ocrx_word' id='word_1_143' title='bbox 1258 1248 1325 1318; x_wconf 69' lang='lat' dir='ltr'>ricus</span> <span class='ocrx_word' id='word_1_144' title='bbox 1345 1245 1458 1316; x_wconf 90' lang='lat' dir='ltr'>dicitur,</span> <span class='ocrx_word' id='word_1_145' title='bbox 1474 1248 1614 1320; x_wconf 89' lang='lat' dir='ltr'>apostolos</span> <span class='ocrx_word' id='word_1_146' title='bbox 1638 1239 1751 1318; x_wconf 74' lang='lat' dir='ltr'>protulit</span> 
     </span>
     <span class='ocr_line' id='line_1_13' title="bbox 123 1338 1752 1414; baseline -0.001 -15"><span class='ocrx_word' id='word_1_147' title='bbox 123 1345 277 1414; x_wconf 85' lang='lat' dir='ltr'>assumpsit</span> <span class='ocrx_word' id='word_1_148' title='bbox 290 1353 317 1400; x_wconf 90' lang='grc' dir='ltr'>ει</span> <span class='ocrx_word' id='word_1_149' title='bbox 329 1345 471 1401; x_wconf 77' lang='lat' dir='ltr'>veritatem</span> <span class='ocrx_word' id='word_1_150' title='bbox 485 1352 601 1411; x_wconf 79' lang='lat' dir='ltr'>natura,</span> <span class='ocrx_word' id='word_1_151' title='bbox 613 1345 677 1413; x_wconf 87' lang='lat' dir='ltr'>qrria</span> <span class='ocrx_word' id='word_1_152' title='bbox 693 1342 789 1397; x_wconf 88' lang='lat' dir='ltr'>babuit</span> <span class='ocrx_word' id='word_1_153' title='bbox 802 1357 912 1397; x_wconf 90' lang='lat' dir='ltr'>saccum</span> <span class='ocrx_word' id='word_1_154' title='bbox 964 1352 1014 1407; x_wconf 88' lang='lat' dir='ltr'>per</span> <span class='ocrx_word' id='word_1_155' title='bbox 1030 1338 1131 1403; x_wconf 79' lang='lat' dir='ltr'>iidem3</span> <span class='ocrx_word' id='word_1_156' title='bbox 1148 1339 1211 1408; x_wconf 85' lang='lat' dir='ltr'>quia</span> <span class='ocrx_word' id='word_1_157' title='bbox 1227 1339 1261 1394; x_wconf 88' lang='lat' dir='ltr'>de</span> <span class='ocrx_word' id='word_1_158' title='bbox 1276 1356 1309 1395; x_wconf 89' lang='lat' dir='ltr'>ea</span> <span class='ocrx_word' id='word_1_159' title='bbox 1324 1342 1456 1410; x_wconf 81' lang='lat' dir='ltr'>generati,</span> <span class='ocrx_word' id='word_1_160' title='bbox 1482 1342 1660 1397; x_wconf 88' lang='lat' dir='ltr'>dulcissimus</span> <span class='ocrx_word' id='word_1_161' title='bbox 1673 1342 1752 1397; x_wconf 84' lang='lat' dir='ltr'>cibus</span> 
     </span>
     <span class='ocr_line' id='line_1_14' title="bbox 123 1424 1752 1505; baseline 0.001 -14"><span class='ocrx_word' id='word_1_162' title='bbox 123 1446 151 1491; x_wconf 89' lang='lat' dir='ltr'>ct</span> <span class='ocrx_word' id='word_1_163' title='bbox 164 1453 220 1492; x_wconf 87' lang='grc' dir='ltr'>ιιοιι</span> <span class='ocrx_word' id='word_1_164' title='bbox 233 1438 307 1492; x_wconf 89' lang='lat' dir='ltr'>sacci</span> <span class='ocrx_word' id='word_1_165' title='bbox 320 1437 427 1490; x_wconf 83' lang='lat' dir='ltr'>sitium.</span> <span class='ocrx_word' id='word_1_166' title='bbox 455 1435 486 1489; x_wconf 85' lang='lat' dir='ltr'>Et</span> <span class='ocrx_word' id='word_1_167' title='bbox 502 1436 640 1505; x_wconf 76' lang='lat' dir='ltr'>eleganter</span> <span class='ocrx_word' id='word_1_168' title='bbox 660 1434 761 1490; x_wconf 85' lang='lat' dir='ltr'>dicitur</span> <span class='ocrx_word' id='word_1_169' title='bbox 773 1444 846 1489; x_wconf 85' lang='lat' dir='ltr'>stare</span> <span class='ocrx_word' id='word_1_170' title='bbox 858 1450 912 1488; x_wconf 91' lang='lat' dir='ltr'>non</span> <span class='ocrx_word' id='word_1_171' title='bbox 966 1425 1099 1481; x_wconf 73' lang='lat' dir='ltr'>d0⁰isissae</span> <span class='ocrx_word' id='word_1_172' title='bbox 1114 1424 1202 1482; x_wconf 78' lang='lat' dir='ltr'>enecti</span> <span class='ocrx_word' id='word_1_173' title='bbox 1217 1435 1291 1494; x_wconf 88' lang='lat' dir='ltr'>sunt,</span> <span class='ocrx_word' id='word_1_174' title='bbox 1308 1437 1335 1483; x_wconf 74' lang='grc' dir='ltr'>θῑ</span> <span class='ocrx_word' id='word_1_175' title='bbox 1350 1443 1402 1484; x_wconf 72' lang='grc' dir='ltr'>3ϋο</span> <span class='ocrx_word' id='word_1_176' title='bbox 1424 1431 1550 1498; x_wconf 69' lang='grc' dir='ltr'>θῐθῃιβῖθ</span> <span class='ocrx_word' id='word_1_177' title='bbox 1566 1430 1682 1484; x_wconf 68' lang='lat' dir='ltr'>aliatum</span> <span class='ocrx_word' id='word_1_178' title='bbox 1700 1445 1752 1485; x_wconf 67' lang='grc' dir='ltr'>Μ’·</span> 
     </span>
     <span class='ocr_line' id='line_1_15' title="bbox 121 1515 1751 1597; baseline 0.004 -26"><span class='ocrx_word' id='word_1_179' title='bbox 121 1527 217 1597; x_wconf 63' lang='lat' dir='ltr'>jacere</span> <span class='ocrx_word' id='word_1_180' title='bbox 246 1526 299 1596; x_wconf 69' lang='lat'>13</span> <span class='ocrx_word' id='word_1_181' title='bbox 322 1526 388 1597; x_wconf 65' lang='lat' dir='ltr'>quia</span> <span class='ocrx_word' id='word_1_182' title='bbox 412 1542 463 1581; x_wconf 64' lang='grc' dir='ltr'>,ως</span> <span class='ocrx_word' id='word_1_183' title='bbox 490 1526 583 1582; x_wconf 63' lang='lat' dir='ltr'>miseri</span> <span class='ocrx_word' id='word_1_184' title='bbox 608 1540 662 1580; x_wconf 65' lang='lat'>„011</span> <span class='ocrx_word' id='word_1_185' title='bbox 679 1525 757 1595; x_wconf 65' lang='lat' dir='ltr'>juxta</span> <span class='ocrx_word' id='word_1_186' title='bbox 781 1525 912 1595; x_wconf 66' lang='lat' dir='ltr'>parietem</span> <span class='ocrx_word' id='word_1_187' title='bbox 966 1515 1072 1571; x_wconf 92' lang='lat' dir='ltr'>tionum</span> <span class='ocrx_word' id='word_1_188' title='bbox 1098 1527 1191 1589; x_wconf 79' lang='lat' dir='ltr'>gentes</span> <span class='ocrx_word' id='word_1_189' title='bbox 1218 1519 1252 1573; x_wconf 90' lang='lat' dir='ltr'>ad</span> <span class='ocrx_word' id='word_1_190' title='bbox 1276 1520 1371 1575; x_wconf 92' lang='lat' dir='ltr'>ilorem</span> <span class='ocrx_word' id='word_1_191' title='bbox 1398 1522 1491 1576; x_wconf 89' lang='lat' dir='ltr'>credni</span> <span class='ocrx_word' id='word_1_192' title='bbox 1503 1523 1565 1577; x_wconf 90' lang='lat' dir='ltr'>tatis</span> <span class='ocrx_word' id='word_1_193' title='bbox 1589 1532 1751 1592; x_wconf 83' lang='lat' dir='ltr'>provocant.</span> 
     </span>
     <span class='ocr_line' id='line_1_16' title="bbox 123 1606 1752 1689; baseline -0.003 -16"><span class='ocrx_word' id='word_1_194' title='bbox 123 1628 243 1686; x_wconf 87' lang='lat' dir='ltr'>stamus,</span> <span class='ocrx_word' id='word_1_195' title='bbox 255 1619 302 1674; x_wconf 88' lang='lat' dir='ltr'>sed</span> <span class='ocrx_word' id='word_1_196' title='bbox 317 1619 345 1673; x_wconf 92' lang='lat' dir='ltr'>in</span> <span class='ocrx_word' id='word_1_197' title='bbox 362 1619 423 1688; x_wconf 89' lang='lat' dir='ltr'>ipso</span> <span class='ocrx_word' id='word_1_198' title='bbox 436 1606 550 1689; x_wconf 76' lang='lat' dir='ltr'>pariete,</span> <span class='ocrx_word' id='word_1_199' title='bbox 563 1627 590 1673; x_wconf 87' lang='lat' dir='ltr'>ct</span> <span class='ocrx_word' id='word_1_200' title='bbox 602 1619 662 1688; x_wconf 91' lang='lat' dir='ltr'>ipso</span> <span class='ocrx_word' id='word_1_201' title='bbox 673 1619 819 1673; x_wconf 90' lang='lat' dir='ltr'>obruimur</span> <span class='ocrx_word' id='word_1_202' title='bbox 831 1618 912 1687; x_wconf 82' lang='lat' dir='ltr'>;qnin</span> <span class='ocrx_word' id='word_1_203' title='bbox 972 1606 1060 1663; x_wconf 82' lang='lat' dir='ltr'>Virrerc</span> <span class='ocrx_word' id='word_1_204' title='bbox 1073 1610 1196 1678; x_wconf 69' lang='lat' dir='ltr'>liorerrtes</span> <span class='ocrx_word' id='word_1_205' title='bbox 1221 1610 1327 1663; x_wconf 83' lang='lat' dir='ltr'>odorent</span> <span class='ocrx_word' id='word_1_206' title='bbox 1345 1612 1484 1679; x_wconf 85' lang='lat' dir='ltr'>dederant,</span> <span class='ocrx_word' id='word_1_207' title='bbox 1506 1610 1533 1665; x_wconf 89' lang='lat' dir='ltr'>id</span> <span class='ocrx_word' id='word_1_208' title='bbox 1554 1621 1596 1667; x_wconf 91' lang='lat' dir='ltr'>est</span> <span class='ocrx_word' id='word_1_209' title='bbox 1616 1614 1709 1669; x_wconf 84' lang='lat' dir='ltr'>ddeies</span> <span class='ocrx_word' id='word_1_210' title='bbox 1723 1614 1752 1668; x_wconf 91' lang='lat' dir='ltr'>in</span> 
     </span>
     <span class='ocr_line' id='line_1_17' title="bbox 124 1679 1753 1781; baseline 0.001 -22"><span class='ocrx_word' id='word_1_211' title='bbox 124 1708 153 1764; x_wconf 84' lang='lat' dir='ltr'>in</span> <span class='ocrx_word' id='word_1_212' title='bbox 163 1720 248 1766; x_wconf 79' lang='lat' dir='ltr'>carne</span> <span class='ocrx_word' id='word_1_213' title='bbox 261 1718 403 1766; x_wconf 70' lang='lat' dir='ltr'>suanenses</span> <span class='ocrx_word' id='word_1_214' title='bbox 415 1718 566 1781; x_wconf 72' lang='lat' dir='ltr'>erpoenssr</span> <span class='ocrx_word' id='word_1_215' title='bbox 576 1712 656 1781; x_wconf 68' lang='lat' dir='ltr'>culpa</span> <span class='ocrx_word' id='word_1_216' title='bbox 668 1710 823 1765; x_wconf 68' lang='lat' dir='ltr'>obruimur,</span> <span class='ocrx_word' id='word_1_217' title='bbox 838 1711 915 1766; x_wconf 60' lang='lat' dir='ltr'>chr-j.</span> <span class='ocrx_word' id='word_1_218' title='bbox 930 1679 1104 1769; x_wconf 74' lang='lat' dir='ltr'>Bprimitiva</span> <span class='ocrx_word' id='word_1_219' title='bbox 1128 1701 1250 1757; x_wconf 80' lang='lat' dir='ltr'>Ecclesia</span> <span class='ocrx_word' id='word_1_220' title='bbox 1271 1712 1333 1773; x_wconf 90' lang='lat' dir='ltr'>post</span> <span class='ocrx_word' id='word_1_221' title='bbox 1356 1706 1599 1771; x_wconf 76' lang='lat' dir='ltr'>resurrectionem,</span> <span class='ocrx_word' id='word_1_222' title='bbox 1624 1706 1753 1760; x_wconf 84' lang='lat' dir='ltr'>florentes</span> 
     </span>
     <span class='ocr_line' id='line_1_18' title="bbox 124 1792 1755 1870; baseline -0.001 -20"><span class='ocrx_word' id='word_1_223' title='bbox 124 1811 188 1857; x_wconf 80' lang='lat' dir='ltr'>stus</span> <span class='ocrx_word' id='word_1_224' title='bbox 202 1816 268 1857; x_wconf 75' lang='lat' dir='ltr'>vero</span> <span class='ocrx_word' id='word_1_225' title='bbox 279 1802 397 1858; x_wconf 76' lang='lat' dir='ltr'>existens</span> <span class='ocrx_word' id='word_1_226' title='bbox 413 1801 441 1856; x_wconf 81' lang='lat' dir='ltr'>ill</span> <span class='ocrx_word' id='word_1_227' title='bbox 455 1816 547 1868; x_wconf 66' lang='lat' dir='ltr'>carne,</span> <span class='ocrx_word' id='word_1_228' title='bbox 573 1816 637 1857; x_wconf 71' lang='lat' dir='ltr'>lete</span> <span class='ocrx_word' id='word_1_229' title='bbox 661 1803 732 1856; x_wconf 74' lang='lat' dir='ltr'>inea</span> <span class='ocrx_word' id='word_1_230' title='bbox 748 1801 913 1870; x_wconf 84' lang='lat' dir='ltr'>sterit,qnia</span> <span class='ocrx_word' id='word_1_231' title='bbox 966 1792 993 1846; x_wconf 83' lang='lat' dir='ltr'>iil</span> <span class='ocrx_word' id='word_1_232' title='bbox 1019 1793 1178 1862; x_wconf 72' lang='lat' dir='ltr'>visibilibus,</span> <span class='ocrx_word' id='word_1_233' title='bbox 1191 1795 1326 1850; x_wconf 74' lang='lat' dir='ltr'>deiciuni</span> <span class='ocrx_word' id='word_1_234' title='bbox 1337 1795 1450 1849; x_wconf 79' lang='lat' dir='ltr'>odorem</span> <span class='ocrx_word' id='word_1_235' title='bbox 1465 1795 1544 1850; x_wconf 79' lang='lat' dir='ltr'>itonae</span> <span class='ocrx_word' id='word_1_236' title='bbox 1559 1795 1604 1865; x_wconf 81' lang='lat' dir='ltr'>opi</span> <span class='ocrx_word' id='word_1_237' title='bbox 1626 1794 1708 1850; x_wconf 80' lang='lat' dir='ltr'>ionis.</span> <span class='ocrx_word' id='word_1_238' title='bbox 1719 1793 1755 1849; x_wconf 85' lang='lat' dir='ltr'>Et</span> 
     </span>
     <span class='ocr_line' id='line_1_19' title="bbox 125 1882 1048 1949; baseline 0 -2"><span class='ocrx_word' id='word_1_239' title='bbox 125 1894 201 1948; x_wconf 86' lang='lat' dir='ltr'>nulia</span> <span class='ocrx_word' id='word_1_240' title='bbox 217 1893 406 1949; x_wconf 88' lang='lat' dir='ltr'>illecebrarum</span> <span class='ocrx_word' id='word_1_241' title='bbox 422 1894 516 1949; x_wconf 86' lang='lat' dir='ltr'>carnis</span> <span class='ocrx_word' id='word_1_242' title='bbox 532 1904 594 1947; x_wconf 87' lang='lat' dir='ltr'>earn</span> <span class='ocrx_word' id='word_1_243' title='bbox 609 1908 624 1947; x_wconf 90' lang='lat' dir='ltr'>a</span> <span class='ocrx_word' id='word_1_244' title='bbox 637 1894 801 1948; x_wconf 69' lang='lat' dir='ltr'>rectitudine</span> <span class='ocrx_word' id='word_1_245' title='bbox 817 1895 912 1948; x_wconf 88' lang='lat' dir='ltr'>morit.</span> <span class='ocrx_word' id='word_1_246' title='bbox 965 1882 1048 1938; x_wconf 70' lang='lat' dir='ltr'>ide0=</span> 
     </span>
    </p>

    <p class='ocr_par' dir='ltr' id='par_1_9' title="bbox 124 1973 1755 2417">
     <span class='ocr_line' id='line_1_20' title="bbox 124 1973 1754 2056; baseline 0 -16"><span class='ocrx_word' id='word_1_247' title='bbox 124 1983 187 2055; x_wconf 87' lang='lat' dir='ltr'>lpse</span> <span class='ocrx_word' id='word_1_248' title='bbox 198 1996 290 2040; x_wconf 87' lang='lat' dir='ltr'>autern</span> <span class='ocrx_word' id='word_1_249' title='bbox 309 1994 371 2055; x_wconf 90' lang='lat' dir='ltr'>post</span> <span class='ocrx_word' id='word_1_250' title='bbox 395 1986 550 2056; x_wconf 85' lang='lat' dir='ltr'>passionem</span> <span class='ocrx_word' id='word_1_251' title='bbox 570 1984 688 2054; x_wconf 82' lang='lat' dir='ltr'>respexit</span> <span class='ocrx_word' id='word_1_252' title='bbox 703 2000 752 2053; x_wconf 90' lang='lat' dir='ltr'>per</span> <span class='ocrx_word' id='word_1_253' title='bbox 781 1985 916 2041; x_wconf 88' lang='lat' dir='ltr'>ienestras</span> <span class='ocrx_word' id='word_1_254' title='bbox 1003 1973 1097 2043; x_wconf 61' lang='lat' dir='ltr'>surde,</span> <span class='ocrx_word' id='word_1_255' title='bbox 1123 1976 1209 2028; x_wconf 80' lang='lat' dir='ltr'>anslec</span> <span class='ocrx_word' id='word_1_256' title='bbox 1225 1991 1293 2040; x_wconf 87' lang='lat' dir='ltr'>meu,</span> <span class='ocrx_word' id='word_1_257' title='bbox 1316 1990 1394 2028; x_wconf 66' lang='lat' dir='ltr'>⁸⁰l⁰s</span> <span class='ocrx_word' id='word_1_258' title='bbox 1406 1990 1474 2040; x_wconf 63' lang='lat' dir='ltr'>”wsb</span> <span class='ocrx_word' id='word_1_259' title='bbox 1489 1984 1514 2027; x_wconf 58' lang='grc' dir='ltr'>εί</span> <span class='ocrx_word' id='word_1_260' title='bbox 1539 1976 1607 2041; x_wconf 83' lang='lat' dir='ltr'>ceni,</span> <span class='ocrx_word' id='word_1_261' title='bbox 1633 1974 1754 2028; x_wconf 63' lang='lat' dir='ltr'>wiltuim</span> 
     </span>
     <span class='ocr_line' id='line_1_21' title="bbox 125 2066 1683 2146; baseline -0.009 -14"><span class='ocrx_word' id='word_1_262' title='bbox 125 2086 153 2132; x_wconf 85' lang='grc' dir='ltr'>ει</span> <span class='ocrx_word' id='word_1_263' title='bbox 163 2076 311 2132; x_wconf 87' lang='lat' dir='ltr'>cancellos.</span> <span class='ocrx_word' id='word_1_264' title='bbox 325 2075 464 2132; x_wconf 79' lang='lat' dir='ltr'>Fenesirm</span> <span class='ocrx_word' id='word_1_265' title='bbox 477 2076 627 2146; x_wconf 88' lang='lat' dir='ltr'>ampliores</span> <span class='ocrx_word' id='word_1_266' title='bbox 639 2083 714 2140; x_wconf 89' lang='lat' dir='ltr'>sunt,</span> <span class='ocrx_word' id='word_1_267' title='bbox 726 2075 840 2129; x_wconf 90' lang='lat' dir='ltr'>cancelli</span> <span class='ocrx_word' id='word_1_268' title='bbox 851 2076 916 2129; x_wconf 88' lang='lat' dir='ltr'>stri·</span> <span class='ocrx_word' id='word_1_269' title='bbox 967 2080 1025 2119; x_wconf 73' lang='lat' dir='ltr'>mea</span> <span class='ocrx_word' id='word_1_270' title='bbox 1042 2066 1069 2118; x_wconf 75' lang='grc' dir='ltr'>ἰιι</span> <span class='ocrx_word' id='word_1_271' title='bbox 1084 2066 1262 2135; x_wconf 72' lang='lat' dir='ltr'>[aremoricus</span> <span class='ocrx_word' id='word_1_272' title='bbox 1272 2079 1366 2137; x_wconf 78' lang='lat' dir='ltr'>petro,</span> <span class='ocrx_word' id='word_1_273' title='bbox 1378 2069 1407 2121; x_wconf 83' lang='lat' dir='ltr'>irr</span> <span class='ocrx_word' id='word_1_274' title='bbox 1426 2082 1539 2119; x_wconf 80' lang='lat' dir='ltr'>coverne</span> <span class='ocrx_word' id='word_1_275' title='bbox 1551 2068 1683 2122; x_wconf 73' lang='lat' dir='ltr'>macerie.</span> 
     </span>
     <span class='ocr_line' id='line_1_22' title="bbox 125 2158 1755 2234; baseline -0.007 -12"><span class='ocrx_word' id='word_1_276' title='bbox 125 2166 240 2222; x_wconf 76' lang='lat' dir='ltr'>stiores.</span> <span class='ocrx_word' id='word_1_277' title='bbox 263 2164 317 2220; x_wconf 88' lang='lat' dir='ltr'>Por</span> <span class='ocrx_word' id='word_1_278' title='bbox 341 2164 476 2220; x_wconf 87' lang='lat' dir='ltr'>ienestras</span> <span class='ocrx_word' id='word_1_279' title='bbox 491 2179 556 2234; x_wconf 82' lang='lat' dir='ltr'>ergo</span> <span class='ocrx_word' id='word_1_280' title='bbox 582 2163 744 2233; x_wconf 78' lang='lat' dir='ltr'>intelligitur</span> <span class='ocrx_word' id='word_1_281' title='bbox 771 2164 916 2221; x_wconf 73' lang='lat' dir='ltr'>manifesta</span> <span class='ocrx_word' id='word_1_282' title='bbox 1004 2158 1127 2216; x_wconf 85' lang='lat' dir='ltr'>Ormicu</span> <span class='ocrx_word' id='word_1_283' title='bbox 1142 2177 1199 2217; x_wconf 84' lang='lat' dir='ltr'>mec</span> <span class='ocrx_word' id='word_1_284' title='bbox 1214 2177 1263 2231; x_wconf 89' lang='lat' dir='ltr'>per</span> <span class='ocrx_word' id='word_1_285' title='bbox 1278 2162 1370 2231; x_wconf 81' lang='lat' dir='ltr'>fidem,</span> <span class='ocrx_word' id='word_1_286' title='bbox 1385 2177 1481 2232; x_wconf 82' lang='lat' dir='ltr'>sponsa</span> <span class='ocrx_word' id='word_1_287' title='bbox 1501 2175 1559 2214; x_wconf 74' lang='lat' dir='ltr'>ineu</span> <span class='ocrx_word' id='word_1_288' title='bbox 1572 2176 1620 2230; x_wconf 82' lang='lat' dir='ltr'>per</span> <span class='ocrx_word' id='word_1_289' title='bbox 1630 2159 1755 2215; x_wconf 89' lang='lat' dir='ltr'>dilectio·</span> 
     </span>
     <span class='ocr_line' id='line_1_23' title="bbox 126 2250 1755 2324; baseline -0.004 -12"><span class='ocrx_word' id='word_1_290' title='bbox 126 2255 266 2322; x_wconf 87' lang='lat' dir='ltr'>doctrina,</span> <span class='ocrx_word' id='word_1_291' title='bbox 283 2269 346 2324; x_wconf 84' lang='lat' dir='ltr'>quae</span> <span class='ocrx_word' id='word_1_292' title='bbox 362 2253 518 2308; x_wconf 88' lang='lat' dir='ltr'>minorihus</span> <span class='ocrx_word' id='word_1_293' title='bbox 537 2268 553 2306; x_wconf 93' lang='lat' dir='ltr'>a</span> <span class='ocrx_word' id='word_1_294' title='bbox 577 2250 689 2307; x_wconf 81' lang='lat' dir='ltr'>Christo</span> <span class='ocrx_word' id='word_1_295' title='bbox 708 2253 847 2322; x_wconf 89' lang='lat' dir='ltr'>proposita</span> <span class='ocrx_word' id='word_1_296' title='bbox 863 2263 915 2309; x_wconf 89' lang='lat' dir='ltr'>cst.</span> <span class='ocrx_word' id='word_1_297' title='bbox 967 2268 1030 2309; x_wconf 90' lang='lat' dir='ltr'>nem</span> <span class='ocrx_word' id='word_1_298' title='bbox 1047 2252 1106 2320; x_wconf 86' lang='lat' dir='ltr'>Dei,</span> <span class='ocrx_word' id='word_1_299' title='bbox 1121 2262 1149 2310; x_wconf 90' lang='lat' dir='ltr'>et</span> <span class='ocrx_word' id='word_1_300' title='bbox 1167 2254 1289 2309; x_wconf 82' lang='lat' dir='ltr'>columba</span> <span class='ocrx_word' id='word_1_301' title='bbox 1304 2271 1361 2308; x_wconf 82' lang='lat' dir='ltr'>arec</span> <span class='ocrx_word' id='word_1_302' title='bbox 1385 2268 1434 2324; x_wconf 92' lang='lat' dir='ltr'>per</span> <span class='ocrx_word' id='word_1_303' title='bbox 1461 2252 1635 2308; x_wconf 88' lang='lat' dir='ltr'>dilectionem</span> <span class='ocrx_word' id='word_1_304' title='bbox 1652 2250 1755 2306; x_wconf 87' lang='lat' dir='ltr'>Christi</span> 
     </span>
     <span class='ocr_line' id='line_1_24' title="bbox 127 2342 1754 2417; baseline -0.006 -11"><span class='ocrx_word' id='word_1_305' title='bbox 127 2352 179 2406; x_wconf 76' lang='lat' dir='ltr'>i’er</span> <span class='ocrx_word' id='word_1_306' title='bbox 191 2347 332 2404; x_wconf 90' lang='lat' dir='ltr'>cancellos</span> <span class='ocrx_word' id='word_1_307' title='bbox 346 2346 427 2402; x_wconf 89' lang='lat' dir='ltr'>aiticr</span> <span class='ocrx_word' id='word_1_308' title='bbox 438 2354 464 2400; x_wconf 91' lang='grc' dir='ltr'>ει</span> <span class='ocrx_word' id='word_1_309' title='bbox 477 2344 621 2400; x_wconf 90' lang='lat' dir='ltr'>ohscurior</span> <span class='ocrx_word' id='word_1_310' title='bbox 633 2344 839 2414; x_wconf 61' lang='lat' dir='ltr'>doctrinaque</span> <span class='ocrx_word' id='word_1_311' title='bbox 857 2362 917 2400; x_wconf 87' lang='lat' dir='ltr'>ma·</span> <span class='ocrx_word' id='word_1_312' title='bbox 967 2347 1001 2401; x_wconf 74' lang='lat'>⁸¹.</span> <span class='ocrx_word' id='word_1_313' title='bbox 1019 2345 1076 2401; x_wconf 91' lang='lat' dir='ltr'>iioc</span> <span class='ocrx_word' id='word_1_314' title='bbox 1097 2348 1170 2401; x_wconf 90' lang='lat' dir='ltr'>enim</span> <span class='ocrx_word' id='word_1_315' title='bbox 1193 2362 1279 2416; x_wconf 73' lang='lat' dir='ltr'>penus</span> <span class='ocrx_word' id='word_1_316' title='bbox 1299 2346 1391 2401; x_wconf 85' lang='lat' dir='ltr'>arium</span> <span class='ocrx_word' id='word_1_317' title='bbox 1405 2349 1537 2417; x_wconf 75' lang='lat' dir='ltr'>gregatim</span> <span class='ocrx_word' id='word_1_318' title='bbox 1559 2344 1650 2399; x_wconf 75' lang='lat' dir='ltr'>solare</span> <span class='ocrx_word' id='word_1_319' title='bbox 1673 2342 1754 2408; x_wconf 89' lang='lat' dir='ltr'>solet,</span> 
     </span>
    </p>
   </div>
   <div class='ocr_carea' id='block_1_5' title="bbox 25 2433 1754 2516">
    <p class='ocr_par' dir='ltr' id='par_1_10' title="bbox 25 2433 1754 2516">
     <span class='ocr_line' id='line_1_25' title="bbox 25 2433 1754 2516; baseline -0.006 -17"><span class='ocrx_word' id='word_1_320' title='bbox 25 2470 33 2482; x_wconf 82' lang='lat'>=</span> <span class='ocrx_word' id='word_1_321' title='bbox 124 2443 288 2516; x_wconf 81' lang='lat' dir='ltr'>jorihusest</span> <span class='ocrx_word' id='word_1_322' title='bbox 317 2439 419 2495; x_wconf 87' lang='lat' dir='ltr'>oblata.</span> <span class='ocrx_word' id='word_1_323' title='bbox 446 2437 524 2493; x_wconf 84' lang='lat' dir='ltr'>Unde</span> <span class='ocrx_word' id='word_1_324' title='bbox 542 2437 669 2492; x_wconf 84' lang='lat' dir='ltr'>Christus</span> <span class='ocrx_word' id='word_1_325' title='bbox 701 2439 832 2507; x_wconf 88' lang='lat' dir='ltr'>apostolis</span> <span class='ocrx_word' id='word_1_326' title='bbox 852 2439 914 2494; x_wconf 88' lang='lat' dir='ltr'>ait:</span> <span class='ocrx_word' id='word_1_327' title='bbox 966 2439 1041 2509; x_wconf 86' lang='lat' dir='ltr'>quod.</span> <span class='ocrx_word' id='word_1_328' title='bbox 1059 2439 1195 2508; x_wconf 77' lang='lat' dir='ltr'>signilleat</span> <span class='ocrx_word' id='word_1_329' title='bbox 1222 2452 1369 2506; x_wconf 84' lang='lat' dir='ltr'>supernam</span> <span class='ocrx_word' id='word_1_330' title='bbox 1391 2437 1577 2493; x_wconf 91' lang='lat' dir='ltr'>dilectionem.</span> <span class='ocrx_word' id='word_1_331' title='bbox 1607 2433 1692 2505; x_wconf 76' lang='lat' dir='ltr'>Saepe</span> <span class='ocrx_word' id='word_1_332' title='bbox 1719 2433 1754 2490; x_wconf 80' lang='lat' dir='ltr'>ari</span> 
     </span>
    </p>
   </div>
   <div class='ocr_carea' id='block_1_6' title="bbox 125 2527 1757 3409">
    <p class='ocr_par' dir='ltr' id='par_1_11' title="bbox 125 2527 1757 3409">
     <span class='ocr_line' id='line_1_26' title="bbox 129 2527 1754 2599; baseline -0.006 -10"><span class='ocrx_word' id='word_1_333' title='bbox 129 2554 140 2589; x_wconf 85' lang='lat' dir='ltr'>r</span> <span class='ocrx_word' id='word_1_334' title='bbox 160 2533 243 2590; x_wconf 88' lang='lat' dir='ltr'>iiohis</span> <span class='ocrx_word' id='word_1_335' title='bbox 255 2532 350 2587; x_wconf 89' lang='lat' dir='ltr'>datum</span> <span class='ocrx_word' id='word_1_336' title='bbox 363 2538 404 2585; x_wconf 90' lang='lat' dir='ltr'>est</span> <span class='ocrx_word' id='word_1_337' title='bbox 416 2542 497 2584; x_wconf 89' lang='lat' dir='ltr'>nosse</span> <span class='ocrx_word' id='word_1_338' title='bbox 511 2527 641 2599; x_wconf 84' lang='lat' dir='ltr'>mysteria</span> <span class='ocrx_word' id='word_1_339' title='bbox 654 2529 730 2597; x_wconf 77' lang='lat' dir='ltr'>regui</span> <span class='ocrx_word' id='word_1_340' title='bbox 746 2527 793 2583; x_wconf 86' lang='lat' dir='ltr'>[lei</span> <span class='ocrx_word' id='word_1_341' title='bbox 805 2528 914 2599; x_wconf 74' lang='lat' dir='ltr'>(Matri.</span> <span class='ocrx_word' id='word_1_342' title='bbox 967 2527 1203 2599; x_wconf 78' lang='lat' dir='ltr'>parrdiaadoiore,</span> <span class='ocrx_word' id='word_1_343' title='bbox 1219 2528 1270 2598; x_wconf 81' lang='lat'>17</span> <span class='ocrx_word' id='word_1_344' title='bbox 1288 2536 1312 2583; x_wconf 90' lang='lat' dir='ltr'>et</span> <span class='ocrx_word' id='word_1_345' title='bbox 1325 2528 1383 2582; x_wconf 86' lang='lat' dir='ltr'>oeni</span> <span class='ocrx_word' id='word_1_346' title='bbox 1395 2529 1429 2583; x_wconf 92' lang='lat' dir='ltr'>ad</span> <span class='ocrx_word' id='word_1_347' title='bbox 1440 2527 1548 2597; x_wconf 85' lang='lat' dir='ltr'>mejam</span> <span class='ocrx_word' id='word_1_348' title='bbox 1562 2527 1754 2598; x_wconf 78' lang='lat' dir='ltr'>glorificatum.</span> 
     </span>
     <span class='ocr_line' id='line_1_27' title="bbox 125 2616 1754 2695; baseline -0.004 -14"><span class='ocrx_word' id='word_1_349' title='bbox 125 2626 206 2695; x_wconf 76' lang='lat' dir='ltr'>surr).</span> <span class='ocrx_word' id='word_1_350' title='bbox 226 2643 236 2676; x_wconf 90' lang='grc' dir='ltr'>ι</span> <span class='ocrx_word' id='word_1_351' title='bbox 252 2622 297 2678; x_wconf 84' lang='lat' dir='ltr'>Sic</span> <span class='ocrx_word' id='word_1_352' title='bbox 312 2636 378 2692; x_wconf 79' lang='lat' dir='ltr'>ergo</span> <span class='ocrx_word' id='word_1_353' title='bbox 401 2619 529 2675; x_wconf 81' lang='lat' dir='ltr'>Christus</span> <span class='ocrx_word' id='word_1_354' title='bbox 543 2634 590 2688; x_wconf 89' lang='lat' dir='ltr'>per</span> <span class='ocrx_word' id='word_1_355' title='bbox 605 2616 825 2674; x_wconf 81' lang='lat' dir='ltr'>incarnationem</span> <span class='ocrx_word' id='word_1_356' title='bbox 841 2620 917 2675; x_wconf 76' lang='lat' dir='ltr'>stetit</span> <span class='ocrx_word' id='word_1_357' title='bbox 967 2620 1008 2677; x_wconf 83' lang='lat' dir='ltr'>&#39;iu</span> <span class='ocrx_word' id='word_1_358' title='bbox 1027 2622 1091 2678; x_wconf 89' lang='lat' dir='ltr'>dico</span> <span class='ocrx_word' id='word_1_359' title='bbox 1104 2620 1226 2692; x_wconf 80' lang='lat' dir='ltr'>gaudens</span> <span class='ocrx_word' id='word_1_360' title='bbox 1238 2630 1265 2675; x_wconf 89' lang='lat' dir='ltr'>et</span> <span class='ocrx_word' id='word_1_361' title='bbox 1275 2620 1418 2677; x_wconf 81' lang='lat' dir='ltr'>exsultans</span> <span class='ocrx_word' id='word_1_362' title='bbox 1433 2620 1461 2673; x_wconf 84' lang='lat' dir='ltr'>in</span> <span class='ocrx_word' id='word_1_363' title='bbox 1472 2620 1648 2690; x_wconf 73' lang='lat' dir='ltr'>[proscindas</span> <span class='ocrx_word' id='word_1_364' title='bbox 1662 2629 1754 2689; x_wconf 77' lang='lat' dir='ltr'>petre,</span> 
     </span>
     <span class='ocr_line' id='line_1_28' title="bbox 127 2708 1755 2787; baseline -0.003 -16"><span class='ocrx_word' id='word_1_365' title='bbox 127 2724 195 2787; x_wconf 90' lang='lat' dir='ltr'>post</span> <span class='ocrx_word' id='word_1_366' title='bbox 218 2713 345 2782; x_wconf 84' lang='lat' dir='ltr'>parictem</span> <span class='ocrx_word' id='word_1_367' title='bbox 364 2719 502 2775; x_wconf 91' lang='lat' dir='ltr'>nostrum,</span> <span class='ocrx_word' id='word_1_368' title='bbox 523 2709 693 2778; x_wconf 86' lang='lat' dir='ltr'>prospiciens</span> <span class='ocrx_word' id='word_1_369' title='bbox 708 2723 757 2779; x_wconf 87' lang='lat' dir='ltr'>per</span> <span class='ocrx_word' id='word_1_370' title='bbox 779 2708 915 2767; x_wconf 80' lang='lat' dir='ltr'>fenestras</span> <span class='ocrx_word' id='word_1_371' title='bbox 967 2714 994 2769; x_wconf 90' lang='lat' dir='ltr'>id</span> <span class='ocrx_word' id='word_1_372' title='bbox 1009 2714 1118 2785; x_wconf 86' lang='lat' dir='ltr'>estjam</span> <span class='ocrx_word' id='word_1_373' title='bbox 1130 2712 1191 2768; x_wconf 87' lang='lat' dir='ltr'>lacta</span> <span class='ocrx_word' id='word_1_374' title='bbox 1205 2712 1239 2768; x_wconf 90' lang='lat' dir='ltr'>de</span> <span class='ocrx_word' id='word_1_375' title='bbox 1256 2712 1417 2767; x_wconf 85' lang='lat' dir='ltr'>vulneribus</span> <span class='ocrx_word' id='word_1_376' title='bbox 1431 2711 1546 2775; x_wconf 83' lang='lat' dir='ltr'>Christi,</span> <span class='ocrx_word' id='word_1_377' title='bbox 1561 2712 1663 2782; x_wconf 77' lang='lat' dir='ltr'>quibus</span> <span class='ocrx_word' id='word_1_378' title='bbox 1680 2720 1755 2782; x_wconf 91' lang='lat' dir='ltr'>petra</span> 
     </span>
     <span class='ocr_line' id='line_1_29' title="bbox 126 2800 1757 2875; baseline -0.004 -12"><span class='ocrx_word' id='word_1_379' title='bbox 126 2814 156 2864; x_wconf 88' lang='lat' dir='ltr'>et</span> <span class='ocrx_word' id='word_1_380' title='bbox 171 2805 320 2870; x_wconf 87' lang='lat' dir='ltr'>caucellos,</span> <span class='ocrx_word' id='word_1_381' title='bbox 335 2803 361 2857; x_wconf 86' lang='lat' dir='ltr'>bi</span> <span class='ocrx_word' id='word_1_382' title='bbox 381 2810 424 2857; x_wconf 91' lang='lat' dir='ltr'>cst</span> <span class='ocrx_word' id='word_1_383' title='bbox 441 2800 587 2871; x_wconf 81' lang='lat' dir='ltr'>majoraet</span> <span class='ocrx_word' id='word_1_384' title='bbox 601 2801 708 2854; x_wconf 88' lang='lat' dir='ltr'>minora</span> <span class='ocrx_word' id='word_1_385' title='bbox 727 2800 851 2856; x_wconf 85' lang='lat' dir='ltr'>revelans</span> <span class='ocrx_word' id='word_1_386' title='bbox 874 2801 917 2855; x_wconf 88' lang='lat' dir='ltr'>di·</span> <span class='ocrx_word' id='word_1_387' title='bbox 967 2804 1071 2861; x_wconf 83' lang='lat' dir='ltr'>christi</span> <span class='ocrx_word' id='word_1_388' title='bbox 1095 2805 1118 2837; x_wconf 70' lang='lat'>⁸³</span> <span class='ocrx_word' id='word_1_389' title='bbox 1142 2802 1281 2875; x_wconf 76' lang='lat' dir='ltr'>perforata</span> <span class='ocrx_word' id='word_1_390' title='bbox 1305 2812 1358 2859; x_wconf 88' lang='lat' dir='ltr'>est.</span> <span class='ocrx_word' id='word_1_391' title='bbox 1377 2802 1462 2869; x_wconf 84' lang='lat' dir='ltr'>Quasi</span> <span class='ocrx_word' id='word_1_392' title='bbox 1486 2803 1608 2858; x_wconf 87' lang='lat' dir='ltr'>diceret:</span> <span class='ocrx_word' id='word_1_393' title='bbox 1630 2802 1671 2857; x_wconf 89' lang='lat' dir='ltr'>&#39;iu</span> <span class='ocrx_word' id='word_1_394' title='bbox 1695 2818 1757 2872; x_wconf 71' lang='lat' dir='ltr'>quac</span> 
     </span>
     <span class='ocr_line' id='line_1_30' title="bbox 128 2889 1755 2969; baseline -0.004 -16"><span class='ocrx_word' id='word_1_395' title='bbox 128 2896 244 2968; x_wconf 82' lang='lat' dir='ltr'>scipulis</span> <span class='ocrx_word' id='word_1_396' title='bbox 257 2903 283 2950; x_wconf 94' lang='lat' dir='ltr'>et</span> <span class='ocrx_word' id='word_1_397' title='bbox 299 2894 417 2948; x_wconf 80' lang='lat' dir='ltr'>maxime</span> <span class='ocrx_word' id='word_1_398' title='bbox 431 2892 559 2963; x_wconf 77' lang='lat' dir='ltr'>gloriosae</span> <span class='ocrx_word' id='word_1_399' title='bbox 580 2889 694 2962; x_wconf 79' lang='lat' dir='ltr'>Virgini.</span> <span class='ocrx_word' id='word_1_400' title='bbox 710 2890 917 2961; x_wconf 75' lang='lat' dir='ltr'>consequenter</span> <span class='ocrx_word' id='word_1_401' title='bbox 967 2895 1045 2969; x_wconf 74' lang='lat' dir='ltr'>prius</span> <span class='ocrx_word' id='word_1_402' title='bbox 1060 2893 1172 2949; x_wconf 85' lang='lat' dir='ltr'>dolebas</span> <span class='ocrx_word' id='word_1_403' title='bbox 1185 2894 1219 2949; x_wconf 90' lang='lat' dir='ltr'>de</span> <span class='ocrx_word' id='word_1_404' title='bbox 1234 2893 1418 2949; x_wconf 88' lang='lat' dir='ltr'>amaritudine</span> <span class='ocrx_word' id='word_1_405' title='bbox 1431 2892 1580 2964; x_wconf 88' lang='lat' dir='ltr'>passionis,</span> <span class='ocrx_word' id='word_1_406' title='bbox 1604 2893 1662 2964; x_wconf 87' lang='lat' dir='ltr'>jam</span> <span class='ocrx_word' id='word_1_407' title='bbox 1686 2908 1755 2963; x_wconf 81' lang='lat' dir='ltr'>gau·</span> 
     </span>
     <span class='ocr_line' id='line_1_31' title="bbox 128 2983 1757 3068; baseline -0.002 -25"><span class='ocrx_word' id='word_1_408' title='bbox 128 3003 180 3060; x_wconf 92' lang='lat' dir='ltr'>pro</span> <span class='ocrx_word' id='word_1_409' title='bbox 195 3000 295 3057; x_wconf 76' lang='lat' dir='ltr'>genem</span> <span class='ocrx_word' id='word_1_410' title='bbox 306 2986 428 3040; x_wconf 86' lang='lat' dir='ltr'>humano</span> <span class='ocrx_word' id='word_1_411' title='bbox 443 2983 600 3054; x_wconf 88' lang='lat' dir='ltr'>passionem</span> <span class='ocrx_word' id='word_1_412' title='bbox 616 2983 746 3042; x_wconf 88' lang='lat' dir='ltr'>sustinuit</span> <span class='ocrx_word' id='word_1_413' title='bbox 759 3000 766 3050; x_wconf 93' lang='lat'>;</span> <span class='ocrx_word' id='word_1_414' title='bbox 792 2983 838 3037; x_wconf 91' lang='lat' dir='ltr'>cui</span> <span class='ocrx_word' id='word_1_415' title='bbox 853 2998 917 3051; x_wconf 85' lang='lat' dir='ltr'>pas·</span> <span class='ocrx_word' id='word_1_416' title='bbox 931 3010 952 3068; x_wconf 75' lang='lat'>(3</span> <span class='ocrx_word' id='word_1_417' title='bbox 967 2987 1036 3041; x_wconf 89' lang='lat' dir='ltr'>deus</span> <span class='ocrx_word' id='word_1_418' title='bbox 1048 2986 1124 3041; x_wconf 87' lang='lat' dir='ltr'>rides</span> <span class='ocrx_word' id='word_1_419' title='bbox 1134 3002 1168 3040; x_wconf 87' lang='lat' dir='ltr'>ex</span> <span class='ocrx_word' id='word_1_420' title='bbox 1179 3000 1211 3040; x_wconf 86' lang='lat' dir='ltr'>ca</span> <span class='ocrx_word' id='word_1_421' title='bbox 1225 2984 1395 3055; x_wconf 85' lang='lat' dir='ltr'>processisse</span> <span class='ocrx_word' id='word_1_422' title='bbox 1405 2987 1514 3056; x_wconf 78' lang='lat' dir='ltr'>generis</span> <span class='ocrx_word' id='word_1_423' title='bbox 1525 2986 1638 3041; x_wconf 89' lang='lat' dir='ltr'>immani</span> <span class='ocrx_word' id='word_1_424' title='bbox 1651 2984 1757 3040; x_wconf 89' lang='lat' dir='ltr'>redem-</span> 
     </span>
     <span class='ocr_line' id='line_1_32' title="bbox 128 3072 1755 3147; baseline -0.004 -11"><span class='ocrx_word' id='word_1_425' title='bbox 128 3079 202 3136; x_wconf 90' lang='lat' dir='ltr'>sioni</span> <span class='ocrx_word' id='word_1_426' title='bbox 217 3076 335 3131; x_wconf 82' lang='lat' dir='ltr'>maxime</span> <span class='ocrx_word' id='word_1_427' title='bbox 350 3090 494 3145; x_wconf 86' lang='lat' dir='ltr'>compassa</span> <span class='ocrx_word' id='word_1_428' title='bbox 506 3073 591 3129; x_wconf 86' lang='lat' dir='ltr'>llaria</span> <span class='ocrx_word' id='word_1_429' title='bbox 603 3072 695 3143; x_wconf 80' lang='lat' dir='ltr'>Virgo.</span> <span class='ocrx_word' id='word_1_430' title='bbox 711 3072 918 3143; x_wconf 83' lang='lat' dir='ltr'>Corrseqnenter</span> <span class='ocrx_word' id='word_1_431' title='bbox 968 3076 1089 3146; x_wconf 87' lang='lat' dir='ltr'>ptionem</span> <span class='ocrx_word' id='word_1_432' title='bbox 1106 3084 1134 3129; x_wconf 88' lang='grc' dir='ltr'>ει</span> <span class='ocrx_word' id='word_1_433' title='bbox 1148 3091 1237 3129; x_wconf 82' lang='grc' dir='ltr'>ιιιειιιιι</span> <span class='ocrx_word' id='word_1_434' title='bbox 1259 3076 1495 3147; x_wconf 79' lang='lat' dir='ltr'>glorificationem.</span> <span class='ocrx_word' id='word_1_435' title='bbox 1524 3074 1601 3132; x_wconf 81' lang='lat' dir='ltr'>[iride.</span> <span class='ocrx_word' id='word_1_436' title='bbox 1619 3076 1755 3146; x_wconf 86' lang='lat' dir='ltr'>sequitur,</span> 
     </span>
     <span class='ocr_line' id='line_1_33' title="bbox 128 3148 1756 3242; baseline -0.004 -16"><span class='ocrx_word' id='word_1_437' title='bbox 128 3186 179 3242; x_wconf 91' lang='lat' dir='ltr'>per</span> <span class='ocrx_word' id='word_1_438' title='bbox 195 3166 427 3224; x_wconf 88' lang='lat' dir='ltr'>resurrectionem</span> <span class='ocrx_word' id='word_1_439' title='bbox 450 3164 611 3221; x_wconf 90' lang='lat' dir='ltr'>consolatus</span> <span class='ocrx_word' id='word_1_440' title='bbox 638 3174 680 3219; x_wconf 88' lang='lat' dir='ltr'>est</span> <span class='ocrx_word' id='word_1_441' title='bbox 697 3173 823 3219; x_wconf 89' lang='lat' dir='ltr'>matrem.</span> <span class='ocrx_word' id='word_1_442' title='bbox 840 3162 918 3219; x_wconf 89' lang='lat' dir='ltr'>Unde</span> <span class='ocrx_word' id='word_1_443' title='bbox 969 3170 998 3222; x_wconf 78' lang='grc' dir='ltr'>ιιι</span> <span class='ocrx_word' id='word_1_444' title='bbox 1011 3183 1124 3221; x_wconf 76' lang='lat' dir='ltr'>caterua</span> <span class='ocrx_word' id='word_1_445' title='bbox 1139 3168 1271 3234; x_wconf 80' lang='lat' dir='ltr'>niocerioe,</span> <span class='ocrx_word' id='word_1_446' title='bbox 1286 3148 1421 3236; x_wconf 83' lang='lat' dir='ltr'>quantum</span> <span class='ocrx_word' id='word_1_447' title='bbox 1437 3168 1471 3223; x_wconf 86' lang='lat' dir='ltr'>nd</span> <span class='ocrx_word' id='word_1_448' title='bbox 1482 3168 1577 3223; x_wconf 88' lang='lat' dir='ltr'>lateris</span> <span class='ocrx_word' id='word_1_449' title='bbox 1592 3167 1756 3236; x_wconf 74' lang='lat' dir='ltr'>perforatio-</span> 
     </span>
     <span class='ocr_line' id='line_1_34' title="bbox 128 3256 918 3328; baseline -0.01 -9"><span class='ocrx_word' id='word_1_450' title='bbox 128 3269 220 3319; x_wconf 87' lang='lat' dir='ltr'>matcr</span> <span class='ocrx_word' id='word_1_451' title='bbox 233 3258 316 3328; x_wconf 79' lang='lat' dir='ltr'>Virgo</span> <span class='ocrx_word' id='word_1_452' title='bbox 331 3258 360 3314; x_wconf 90' lang='lat' dir='ltr'>in</span> <span class='ocrx_word' id='word_1_453' title='bbox 379 3262 453 3313; x_wconf 89' lang='lat' dir='ltr'>hunc</span> <span class='ocrx_word' id='word_1_454' title='bbox 473 3258 586 3314; x_wconf 87' lang='lat' dir='ltr'>modum</span> <span class='ocrx_word' id='word_1_455' title='bbox 600 3256 787 3312; x_wconf 83' lang='lat' dir='ltr'>introducitur·</span> <span class='ocrx_word' id='word_1_456' title='bbox 803 3256 918 3327; x_wconf 83' lang='lat' dir='ltr'>loquens</span> 
     </span>
     <span class='ocr_line' id='line_1_35' title="bbox 127 3352 255 3409; baseline -0.016 0"><span class='ocrx_word' id='word_1_457' title='bbox 127 3352 255 3409; x_wconf 79' lang='lat' dir='ltr'>dediios</span> 
     </span>
    </p>
   </div>
   <div class='ocr_carea' id='block_1_7' title="bbox 166 3465 642 3540">
    <p class='ocr_par' dir='ltr' id='par_1_12' title="bbox 166 3465 642 3540">
     <span class='ocr_line' id='line_1_36' title="bbox 166 3465 642 3540; baseline -0.015 -13"><span class='ocrx_word' id='word_1_458' title='bbox 166 3470 208 3527; x_wconf 80' lang='lat' dir='ltr'>En</span> <span class='ocrx_word' id='word_1_459' title='bbox 220 3471 334 3526; x_wconf 82' lang='lat' dir='ltr'>dilectus</span> <span class='ocrx_word' id='word_1_460' title='bbox 350 3485 423 3524; x_wconf 85' lang='lat' dir='ltr'>meas</span> <span class='ocrx_word' id='word_1_461' title='bbox 441 3467 558 3540; x_wconf 75' lang='lat' dir='ltr'>loquitar</span> <span class='ocrx_word' id='word_1_462' title='bbox 568 3465 642 3521; x_wconf 87' lang='lat' dir='ltr'>milri.</span> 
     </span>
    </p>
   </div>
   <div class='ocr_carea' id='block_1_8' title="bbox 969 3256 1759 3515">
    <p class='ocr_par' dir='ltr' id='par_1_13' title="bbox 969 3256 1759 3515">
     <span class='ocr_line' id='line_1_37' title="bbox 969 3256 1755 3325; baseline -0.008 -11"><span class='ocrx_word' id='word_1_463' title='bbox 969 3274 1044 3314; x_wconf 85' lang='lat' dir='ltr'>rrcnr.</span> <span class='ocrx_word' id='word_1_464' title='bbox 1065 3257 1189 3314; x_wconf 74' lang='lat' dir='ltr'>Caverna</span> <span class='ocrx_word' id='word_1_465' title='bbox 1202 3256 1276 3311; x_wconf 89' lang='lat' dir='ltr'>cnim</span> <span class='ocrx_word' id='word_1_466' title='bbox 1304 3257 1423 3325; x_wconf 89' lang='lat' dir='ltr'>amplior</span> <span class='ocrx_word' id='word_1_467' title='bbox 1437 3256 1507 3310; x_wconf 88' lang='lat' dir='ltr'>solet</span> <span class='ocrx_word' id='word_1_468' title='bbox 1530 3271 1591 3311; x_wconf 88' lang='lat' dir='ltr'>csse</span> <span class='ocrx_word' id='word_1_469' title='bbox 1607 3256 1755 3320; x_wconf 88' lang='lat' dir='ltr'>loramiue,</span> 
     </span>
     <span class='ocr_line' id='line_1_38' title="bbox 970 3346 1756 3421; baseline -0.008 -14"><span class='ocrx_word' id='word_1_470' title='bbox 970 3354 1043 3407; x_wconf 77' lang='lat' dir='ltr'>narde</span> <span class='ocrx_word' id='word_1_471' title='bbox 1053 3366 1102 3421; x_wconf 89' lang='lat' dir='ltr'>per</span> <span class='ocrx_word' id='word_1_472' title='bbox 1114 3350 1249 3405; x_wconf 79' lang='lat' dir='ltr'>foramina</span> <span class='ocrx_word' id='word_1_473' title='bbox 1262 3346 1463 3419; x_wconf 81' lang='lat' dir='ltr'>perforationes</span> <span class='ocrx_word' id='word_1_474' title='bbox 1478 3363 1610 3402; x_wconf 86' lang='lat' dir='ltr'>manuum</span> <span class='ocrx_word' id='word_1_475' title='bbox 1622 3359 1649 3401; x_wconf 91' lang='lat' dir='ltr'>et</span> <span class='ocrx_word' id='word_1_476' title='bbox 1657 3349 1756 3417; x_wconf 91' lang='lat' dir='ltr'>pedum</span> 
     </span>
     <span class='ocr_line' id='line_1_39' title="bbox 969 3438 1759 3515; baseline -0.008 -15"><span class='ocrx_word' id='word_1_477' title='bbox 969 3443 1072 3500; x_wconf 84' lang='lat' dir='ltr'>Christi</span> <span class='ocrx_word' id='word_1_478' title='bbox 1086 3442 1248 3515; x_wconf 81' lang='lat' dir='ltr'>ligurantur,</span> <span class='ocrx_word' id='word_1_479' title='bbox 1262 3456 1309 3510; x_wconf 89' lang='lat' dir='ltr'>per</span> <span class='ocrx_word' id='word_1_480' title='bbox 1323 3455 1470 3498; x_wconf 79' lang='lat' dir='ltr'>cavernam</span> <span class='ocrx_word' id='word_1_481' title='bbox 1481 3454 1546 3494; x_wconf 85' lang='lat' dir='ltr'>vero</span> <span class='ocrx_word' id='word_1_482' title='bbox 1558 3438 1681 3508; x_wconf 88' lang='lat' dir='ltr'>ejusdcm</span> <span class='ocrx_word' id='word_1_483' title='bbox 1693 3438 1759 3494; x_wconf 88' lang='lat' dir='ltr'>iatc·</span> 
     </span>
    </p>
   </div>
   <div class='ocr_carea' id='block_1_9' title="bbox 129 3552 920 3904">
    <p class='ocr_par' dir='ltr' id='par_1_14' title="bbox 129 3552 920 3904">
     <span class='ocr_line' id='line_1_40' title="bbox 166 3552 913 3633; baseline -0.012 -17"><span class='ocrx_word' id='word_1_484' title='bbox 166 3561 200 3617; x_wconf 84' lang='grc' dir='ltr'>Ει</span> <span class='ocrx_word' id='word_1_485' title='bbox 214 3571 279 3618; x_wconf 82' lang='lat' dir='ltr'>ricta</span> <span class='ocrx_word' id='word_1_486' title='bbox 294 3560 425 3633; x_wconf 89' lang='lat' dir='ltr'>quoniam</span> <span class='ocrx_word' id='word_1_487' title='bbox 440 3567 528 3615; x_wconf 89' lang='lat' dir='ltr'>mater</span> <span class='ocrx_word' id='word_1_488' title='bbox 542 3557 648 3613; x_wconf 86' lang='lat' dir='ltr'>Christi</span> <span class='ocrx_word' id='word_1_489' title='bbox 670 3553 860 3625; x_wconf 89' lang='lat' dir='ltr'>superomnia</span> <span class='ocrx_word' id='word_1_490' title='bbox 887 3552 913 3607; x_wconf 82' lang='lat' dir='ltr'>ii</span> 
     </span>
     <span class='ocr_line' id='line_1_41' title="bbox 129 3644 918 3725; baseline -0.015 -14"><span class='ocrx_word' id='word_1_491' title='bbox 129 3656 199 3712; x_wconf 91' lang='lat' dir='ltr'>lium</span> <span class='ocrx_word' id='word_1_492' title='bbox 215 3669 297 3710; x_wconf 91' lang='lat' dir='ltr'>suum</span> <span class='ocrx_word' id='word_1_493' title='bbox 307 3653 448 3725; x_wconf 75' lang='lat' dir='ltr'>diligebat,</span> <span class='ocrx_word' id='word_1_494' title='bbox 460 3667 523 3706; x_wconf 89' lang='lat' dir='ltr'>eum</span> <span class='ocrx_word' id='word_1_495' title='bbox 536 3648 690 3721; x_wconf 87' lang='lat' dir='ltr'>emphatice</span> <span class='ocrx_word' id='word_1_496' title='bbox 701 3647 827 3702; x_wconf 86' lang='lat' dir='ltr'>dilectum</span> <span class='ocrx_word' id='word_1_497' title='bbox 837 3644 918 3702; x_wconf 86' lang='lat' dir='ltr'>suurn</span> 
     </span>
     <span class='ocr_line' id='line_1_42' title="bbox 130 3742 920 3816; baseline -0.01 -11"><span class='ocrx_word' id='word_1_498' title='bbox 130 3757 223 3816; x_wconf 72' lang='lat' dir='ltr'>vocat,</span> <span class='ocrx_word' id='word_1_499' title='bbox 251 3748 370 3804; x_wconf 88' lang='lat' dir='ltr'>dicens:</span> <span class='ocrx_word' id='word_1_500' title='bbox 392 3745 509 3801; x_wconf 84' lang='lat' dir='ltr'>Dilectus</span> <span class='ocrx_word' id='word_1_501' title='bbox 534 3759 607 3798; x_wconf 81' lang='lat' dir='ltr'>nicus</span> <span class='ocrx_word' id='word_1_502' title='bbox 631 3742 751 3813; x_wconf 79' lang='lat' dir='ltr'>loquitur</span> <span class='ocrx_word' id='word_1_503' title='bbox 766 3743 842 3808; x_wconf 84' lang='lat' dir='ltr'>nriiri,</span> <span class='ocrx_word' id='word_1_504' title='bbox 857 3752 920 3811; x_wconf 85' lang='lat' dir='ltr'>post</span> 
     </span>
     <span class='ocr_line' id='line_1_43' title="bbox 129 3832 920 3904; baseline -0.011 -8"><span class='ocrx_word' id='word_1_505' title='bbox 129 3840 361 3896; x_wconf 85' lang='lat' dir='ltr'>resurrectionem</span> <span class='ocrx_word' id='word_1_506' title='bbox 377 3837 405 3893; x_wconf 93' lang='lat' dir='ltr'>in</span> <span class='ocrx_word' id='word_1_507' title='bbox 417 3835 612 3893; x_wconf 89' lang='lat' dir='ltr'>huncmodum</span> <span class='ocrx_word' id='word_1_508' title='bbox 627 3834 695 3888; x_wconf 89' lang='lat' dir='ltr'>mihi</span> <span class='ocrx_word' id='word_1_509' title='bbox 707 3832 835 3889; x_wconf 89' lang='lat' dir='ltr'>solatium</span> <span class='ocrx_word' id='word_1_510' title='bbox 850 3849 920 3904; x_wconf 83' lang='lat' dir='ltr'>prac-</span> 
     </span>
    </p>
   </div>
   <div class='ocr_carea' id='block_1_10' title="bbox 131 3942 222 3989">
    <p class='ocr_par' dir='ltr' id='par_1_15' title="bbox 131 3942 222 3989">
     <span class='ocr_line' id='line_1_44' title="bbox 131 3942 222 3989; baseline -0.044 0"><span class='ocrx_word' id='word_1_511' title='bbox 131 3942 222 3989; x_wconf 70' lang='lat' dir='ltr'>siens.</span> 
     </span>
    </p>
   </div>
   <div class='ocr_carea' id='block_1_11' title="bbox 133 4042 921 4300">
    <p class='ocr_par' dir='ltr' id='par_1_16' title="bbox 133 4042 921 4300">
     <span class='ocr_line' id='line_1_45' title="bbox 168 4042 919 4117; baseline -0.004 -17"><span class='ocrx_word' id='word_1_512' title='bbox 168 4042 264 4116; x_wconf 75' lang='lat' dir='ltr'>Saepe,</span> <span class='ocrx_word' id='word_1_513' title='bbox 278 4061 410 4117; x_wconf 77' lang='lat' dir='ltr'>propere,</span> <span class='ocrx_word' id='word_1_514' title='bbox 426 4048 513 4101; x_wconf 83' lang='lat' dir='ltr'>enrico</span> <span class='ocrx_word' id='word_1_515' title='bbox 529 4062 604 4115; x_wconf 84' lang='lat' dir='ltr'>ntea,</span> <span class='ocrx_word' id='word_1_516' title='bbox 627 4044 748 4100; x_wconf 84' lang='lat' dir='ltr'>colornim</span> <span class='ocrx_word' id='word_1_517' title='bbox 766 4061 833 4110; x_wconf 76' lang='lat' dir='ltr'>nica,</span> <span class='ocrx_word' id='word_1_518' title='bbox 861 4042 919 4113; x_wconf 70' lang='lat' dir='ltr'>for-</span> 
     </span>
     <span class='ocr_line' id='line_1_46' title="bbox 133 4139 414 4204; baseline 0.007 -13"><span class='ocrx_word' id='word_1_519' title='bbox 133 4154 210 4192; x_wconf 81' lang='lat' dir='ltr'>mosa</span> <span class='ocrx_word' id='word_1_520' title='bbox 223 4155 290 4204; x_wconf 77' lang='lat' dir='ltr'>naec,</span> <span class='ocrx_word' id='word_1_521' title='bbox 307 4149 332 4192; x_wconf 84' lang='lat' dir='ltr'>et</span> <span class='ocrx_word' id='word_1_522' title='bbox 347 4139 414 4193; x_wconf 83' lang='lat' dir='ltr'>cerri.</span> 
     </span>
     <span class='ocr_line' id='line_1_47' title="bbox 173 4226 921 4300; baseline -0.001 -17"><span class='ocrx_word' id='word_1_523' title='bbox 173 4226 197 4283; x_wconf 81' lang='lat'>0</span> <span class='ocrx_word' id='word_1_524' title='bbox 213 4230 299 4283; x_wconf 84' lang='lat' dir='ltr'>antica</span> <span class='ocrx_word' id='word_1_525' title='bbox 313 4246 372 4285; x_wconf 83' lang='lat' dir='ltr'>mea</span> <span class='ocrx_word' id='word_1_526' title='bbox 383 4246 431 4300; x_wconf 87' lang='lat' dir='ltr'>per</span> <span class='ocrx_word' id='word_1_527' title='bbox 441 4229 533 4297; x_wconf 81' lang='lat' dir='ltr'>fidem,</span> <span class='ocrx_word' id='word_1_528' title='bbox 544 4228 666 4284; x_wconf 85' lang='lat' dir='ltr'>coinntdu</span> <span class='ocrx_word' id='word_1_529' title='bbox 681 4246 738 4295; x_wconf 82' lang='lat' dir='ltr'>ntea</span> <span class='ocrx_word' id='word_1_530' title='bbox 752 4245 800 4300; x_wconf 91' lang='lat' dir='ltr'>per</span> <span class='ocrx_word' id='word_1_531' title='bbox 814 4228 921 4298; x_wconf 87' lang='lat' dir='ltr'>simpli-</span> 
     </span>
    </p>
   </div>
   <div class='ocr_carea' id='block_1_12' title="bbox 131 4304 958 4396">
    <p class='ocr_par' dir='ltr' id='par_1_17' title="bbox 131 4304 958 4396">
     <span class='ocr_line' id='line_1_48' title="bbox 131 4304 958 4396; baseline -0.005 -19"><span class='ocrx_word' id='word_1_532' title='bbox 131 4304 256 4388; x_wconf 86' lang='lat' dir='ltr'>citatem,</span> <span class='ocrx_word' id='word_1_533' title='bbox 272 4322 390 4391; x_wconf 67' lang='lat' dir='ltr'>formoso</span> <span class='ocrx_word' id='word_1_534' title='bbox 404 4338 462 4377; x_wconf 82' lang='lat' dir='ltr'>mea</span> <span class='ocrx_word' id='word_1_535' title='bbox 476 4336 526 4392; x_wconf 93' lang='lat' dir='ltr'>per</span> <span class='ocrx_word' id='word_1_536' title='bbox 540 4321 672 4376; x_wconf 77' lang='lat' dir='ltr'>virtutum</span> <span class='ocrx_word' id='word_1_537' title='bbox 685 4320 811 4377; x_wconf 87' lang='lat' dir='ltr'>decorem</span> <span class='ocrx_word' id='word_1_538' title='bbox 824 4322 831 4375; x_wconf 89' lang='lat' dir='ltr'>l</span> <span class='ocrx_word' id='word_1_539' title='bbox 844 4336 920 4392; x_wconf 78' lang='lat' dir='ltr'>sarrpe</span> <span class='ocrx_word' id='word_1_540' title='bbox 935 4340 958 4396; x_wconf 73' lang='lat' dir='ltr'>D</span> 
     </span>
    </p>
   </div>
   <div class='ocr_carea' id='block_1_13' title="bbox 130 4411 867 4483">
    <p class='ocr_par' dir='ltr' id='par_1_18' title="bbox 130 4411 867 4483">
     <span class='ocr_line' id='line_1_49' title="bbox 130 4411 867 4483; baseline -0.001 -13"><span class='ocrx_word' id='word_1_541' title='bbox 130 4429 147 4470; x_wconf 86' lang='lat' dir='ltr'>a</span> <span class='ocrx_word' id='word_1_542' title='bbox 162 4411 269 4483; x_wconf 89' lang='lat' dir='ltr'>dolore,</span> <span class='ocrx_word' id='word_1_543' title='bbox 283 4425 308 4468; x_wconf 88' lang='lat' dir='ltr'>et</span> <span class='ocrx_word' id='word_1_544' title='bbox 322 4415 380 4470; x_wconf 87' lang='lat' dir='ltr'>neni</span> <span class='ocrx_word' id='word_1_545' title='bbox 395 4414 484 4470; x_wconf 86' lang='lat' dir='ltr'>adme</span> <span class='ocrx_word' id='word_1_546' title='bbox 498 4414 626 4470; x_wconf 87' lang='lat' dir='ltr'>habitura</span> <span class='ocrx_word' id='word_1_547' title='bbox 640 4413 867 4470; x_wconf 88' lang='lat' dir='ltr'>consolationem.</span> 
     </span>
    </p>
   </div>
   <div class='ocr_carea' id='block_1_14' title="bbox 128 4527 921 4874">
    <p class='ocr_par' dir='ltr' id='par_1_19' title="bbox 164 4527 882 4598">
     <span class='ocr_line' id='line_1_50' title="bbox 164 4527 882 4598; baseline 0.001 -16"><span class='ocrx_word' id='word_1_548' title='bbox 164 4527 230 4583; x_wconf 75' lang='lat' dir='ltr'>dom</span> <span class='ocrx_word' id='word_1_549' title='bbox 243 4529 312 4583; x_wconf 87' lang='lat' dir='ltr'>enim</span> <span class='ocrx_word' id='word_1_550' title='bbox 324 4530 407 4584; x_wconf 82' lang='lat' dir='ltr'>biems</span> <span class='ocrx_word' id='word_1_551' title='bbox 419 4531 538 4598; x_wconf 83' lang='lat' dir='ltr'>transiit,</span> <span class='ocrx_word' id='word_1_552' title='bbox 555 4528 638 4584; x_wconf 83' lang='lat' dir='ltr'>imber</span> <span class='ocrx_word' id='word_1_553' title='bbox 653 4527 719 4582; x_wconf 80' lang='lat' dir='ltr'>abiit</span> <span class='ocrx_word' id='word_1_554' title='bbox 731 4536 756 4582; x_wconf 86' lang='lat' dir='ltr'>et</span> <span class='ocrx_word' id='word_1_555' title='bbox 767 4528 882 4583; x_wconf 81' lang='lat' dir='ltr'>recessit.</span> 
     </span>
    </p>

    <p class='ocr_par' dir='ltr' id='par_1_20' title="bbox 128 4616 921 4874">
     <span class='ocr_line' id='line_1_51' title="bbox 165 4616 920 4692; baseline 0.001 -19"><span class='ocrx_word' id='word_1_556' title='bbox 165 4616 261 4675; x_wconf 81' lang='lat' dir='ltr'>Hieras</span> <span class='ocrx_word' id='word_1_557' title='bbox 277 4621 395 4689; x_wconf 83' lang='lat' dir='ltr'>transiit,</span> <span class='ocrx_word' id='word_1_558' title='bbox 408 4621 488 4678; x_wconf 89' lang='lat' dir='ltr'>idest</span> <span class='ocrx_word' id='word_1_559' title='bbox 509 4619 665 4692; x_wconf 76' lang='lat' dir='ltr'>gelicidium</span> <span class='ocrx_word' id='word_1_560' title='bbox 679 4619 829 4677; x_wconf 85' lang='lat' dir='ltr'>inddeiium</span> <span class='ocrx_word' id='word_1_561' title='bbox 844 4620 866 4651; x_wconf 76' lang='lat'>⁸¹</span> <span class='ocrx_word' id='word_1_562' title='bbox 877 4635 920 4674; x_wconf 87' lang='lat' dir='ltr'>re-</span> 
     </span>
     <span class='ocr_line' id='line_1_52' title="bbox 128 4709 921 4778; baseline -0.003 -13"><span class='ocrx_word' id='word_1_563' title='bbox 128 4711 213 4765; x_wconf 88' lang='lat' dir='ltr'>cessit</span> <span class='ocrx_word' id='word_1_564' title='bbox 225 4728 233 4777; x_wconf 92' lang='grc'>;</span> <span class='ocrx_word' id='word_1_565' title='bbox 249 4711 334 4766; x_wconf 85' lang='lat' dir='ltr'>imber</span> <span class='ocrx_word' id='word_1_566' title='bbox 348 4710 413 4765; x_wconf 79' lang='lat' dir='ltr'>ellit</span> <span class='ocrx_word' id='word_1_567' title='bbox 426 4720 450 4765; x_wconf 87' lang='lat' dir='ltr'>et</span> <span class='ocrx_word' id='word_1_568' title='bbox 469 4712 586 4777; x_wconf 83' lang='lat' dir='ltr'>recessit,</span> <span class='ocrx_word' id='word_1_569' title='bbox 601 4711 690 4778; x_wconf 87' lang='lat' dir='ltr'>idest,</span> <span class='ocrx_word' id='word_1_570' title='bbox 705 4709 850 4765; x_wconf 89' lang='lat' dir='ltr'>inundatio</span> <span class='ocrx_word' id='word_1_571' title='bbox 861 4720 921 4765; x_wconf 91' lang='lat' dir='ltr'>ten·</span> 
     </span>
     <span class='ocr_line' id='line_1_53' title="bbox 129 4801 769 4874; baseline 0 -19"><span class='ocrx_word' id='word_1_572' title='bbox 129 4801 244 4858; x_wconf 83' lang='lat' dir='ltr'>tationis</span> <span class='ocrx_word' id='word_1_573' title='bbox 258 4802 400 4859; x_wconf 89' lang='lat' dir='ltr'>recessita</span> <span class='ocrx_word' id='word_1_574' title='bbox 416 4803 555 4858; x_wconf 87' lang='lat' dir='ltr'>mentibus</span> <span class='ocrx_word' id='word_1_575' title='bbox 569 4803 769 4874; x_wconf 89' lang='lat' dir='ltr'>apostolorum.</span> 
     </span>
    </p>
   </div>
   <div class='ocr_carea' id='block_1_15' title="bbox 131 4911 918 5156">
    <p class='ocr_par' dir='ltr' id='par_1_21' title="bbox 131 4911 918 5156">
     <span class='ocr_line' id='line_1_54' title="bbox 165 4911 701 4985; baseline 0.009 -20"><span class='ocrx_word' id='word_1_576' title='bbox 165 4911 261 4968; x_wconf 84' lang='lat' dir='ltr'>Flores</span> <span class='ocrx_word' id='word_1_577' title='bbox 275 4927 455 4985; x_wconf 76' lang='lat' dir='ltr'>apparuerunt</span> <span class='ocrx_word' id='word_1_578' title='bbox 471 4917 498 4971; x_wconf 87' lang='lat' dir='ltr'>r&#39;rr</span> <span class='ocrx_word' id='word_1_579' title='bbox 513 4925 584 4972; x_wconf 78' lang='lat' dir='ltr'>terra</span> <span class='ocrx_word' id='word_1_580' title='bbox 598 4926 701 4971; x_wconf 80' lang='lat' dir='ltr'>nostro.</span> 
     </span>
     <span class='ocr_line' id='line_1_55' title="bbox 164 5001 918 5079; baseline 0.005 -23"><span class='ocrx_word' id='word_1_581' title='bbox 164 5001 196 5058; x_wconf 91' lang='lat' dir='ltr'>ld</span> <span class='ocrx_word' id='word_1_582' title='bbox 210 5014 327 5063; x_wconf 88' lang='lat' dir='ltr'>estcaro</span> <span class='ocrx_word' id='word_1_583' title='bbox 342 5018 437 5064; x_wconf 89' lang='lat' dir='ltr'>nostra</span> <span class='ocrx_word' id='word_1_584' title='bbox 452 5023 500 5079; x_wconf 89' lang='lat' dir='ltr'>per</span> <span class='ocrx_word' id='word_1_585' title='bbox 513 5007 742 5064; x_wconf 87' lang='lat' dir='ltr'>resurrectionem</span> <span class='ocrx_word' id='word_1_586' title='bbox 759 5014 786 5062; x_wconf 93' lang='grc' dir='ltr'>ει</span> <span class='ocrx_word' id='word_1_587' title='bbox 802 5006 918 5062; x_wconf 90' lang='lat' dir='ltr'>immor-</span> 
     </span>
     <span class='ocr_line' id='line_1_56' title="bbox 131 5096 414 5156; baseline 0.007 -3"><span class='ocrx_word' id='word_1_588' title='bbox 131 5096 264 5153; x_wconf 82' lang='lat' dir='ltr'>alicatcm</span> <span class='ocrx_word' id='word_1_589' title='bbox 282 5098 414 5156; x_wconf 81' lang='lat' dir='ltr'>refloruit.</span> 
     </span>
    </p>
   </div>
   <div class='ocr_carea' id='block_1_16' title="bbox 166 5190 919 5361">
    <p class='ocr_par' dir='ltr' id='par_1_22' title="bbox 166 5190 919 5361">
     <span class='ocr_line' id='line_1_57' title="bbox 166 5190 571 5263; baseline 0.01 -17"><span class='ocrx_word' id='word_1_590' title='bbox 166 5190 443 5263; x_wconf 77' lang='lat' dir='ltr'>Tertprsspretetionis</span> <span class='ocrx_word' id='word_1_591' title='bbox 455 5195 571 5262; x_wconf 83' lang='lat' dir='ltr'>aduenit,</span> 
     </span>
     <span class='ocr_line' id='line_1_58' title="bbox 166 5282 919 5361; baseline 0.009 -23"><span class='ocrx_word' id='word_1_592' title='bbox 166 5282 195 5338; x_wconf 88' lang='lat' dir='ltr'>&#39;ri</span> <span class='ocrx_word' id='word_1_593' title='bbox 208 5292 252 5339; x_wconf 87' lang='lat' dir='ltr'>est</span> <span class='ocrx_word' id='word_1_594' title='bbox 261 5286 468 5356; x_wconf 87' lang='lat' dir='ltr'>amputationis,</span> <span class='ocrx_word' id='word_1_595' title='bbox 482 5287 644 5359; x_wconf 89' lang='lat' dir='ltr'>quiaomnis</span> <span class='ocrx_word' id='word_1_596' title='bbox 657 5288 831 5361; x_wconf 78' lang='lat' dir='ltr'>superfluitas</span> <span class='ocrx_word' id='word_1_597' title='bbox 842 5289 919 5345; x_wconf 89' lang='lat' dir='ltr'>iniir-</span> 
     </span>
    </p>
   </div>
   <div class='ocr_carea' id='block_1_17' title="bbox 969 3530 1758 3880">
    <p class='ocr_par' dir='ltr' id='par_1_23' title="bbox 969 3530 1758 3880">
     <span class='ocr_line' id='line_1_59' title="bbox 969 3530 1758 3606; baseline -0.006 -16"><span class='ocrx_word' id='word_1_598' title='bbox 969 3535 1009 3592; x_wconf 90' lang='lat' dir='ltr'>ris</span> <span class='ocrx_word' id='word_1_599' title='bbox 1025 3535 1131 3606; x_wconf 89' lang='lat' dir='ltr'>apertio</span> <span class='ocrx_word' id='word_1_600' title='bbox 1147 3534 1330 3606; x_wconf 78' lang='lat' dir='ltr'>significatur.</span> <span class='ocrx_word' id='word_1_601' title='bbox 1350 3532 1477 3588; x_wconf 80' lang='lat' dir='ltr'>Christus</span> <span class='ocrx_word' id='word_1_602' title='bbox 1488 3540 1580 3586; x_wconf 91' lang='lat' dir='ltr'>autem</span> <span class='ocrx_word' id='word_1_603' title='bbox 1594 3530 1696 3588; x_wconf 86' lang='lat' dir='ltr'>dicitur</span> <span class='ocrx_word' id='word_1_604' title='bbox 1710 3546 1758 3600; x_wconf 87' lang='lat' dir='ltr'>pe-</span> 
     </span>
     <span class='ocr_line' id='line_1_60' title="bbox 971 3620 1758 3696; baseline -0.01 -16"><span class='ocrx_word' id='word_1_605' title='bbox 971 3634 1012 3681; x_wconf 89' lang='lat' dir='ltr'>tra</span> <span class='ocrx_word' id='word_1_606' title='bbox 1025 3634 1135 3696; x_wconf 86' lang='lat' dir='ltr'>propter</span> <span class='ocrx_word' id='word_1_607' title='bbox 1145 3624 1320 3690; x_wconf 87' lang='lat' dir='ltr'>iirmitatem;</span> <span class='ocrx_word' id='word_1_608' title='bbox 1333 3622 1453 3677; x_wconf 87' lang='lat' dir='ltr'>maceria</span> <span class='ocrx_word' id='word_1_609' title='bbox 1467 3636 1545 3688; x_wconf 83' lang='lat' dir='ltr'>vero,</span> <span class='ocrx_word' id='word_1_610' title='bbox 1559 3621 1623 3691; x_wconf 84' lang='lat' dir='ltr'>quia</span> <span class='ocrx_word' id='word_1_611' title='bbox 1640 3634 1674 3674; x_wconf 81' lang='lat' dir='ltr'>es</span> <span class='ocrx_word' id='word_1_612' title='bbox 1687 3620 1758 3673; x_wconf 90' lang='lat' dir='ltr'>mul·</span> 
     </span>
     <span class='ocr_line' id='line_1_61' title="bbox 971 3709 1757 3788; baseline -0.013 -14"><span class='ocrx_word' id='word_1_613' title='bbox 971 3717 1006 3774; x_wconf 92' lang='lat' dir='ltr'>tis</span> <span class='ocrx_word' id='word_1_614' title='bbox 1017 3717 1166 3788; x_wconf 82' lang='lat' dir='ltr'>lapidibus,</span> <span class='ocrx_word' id='word_1_615' title='bbox 1183 3716 1209 3771; x_wconf 90' lang='lat' dir='ltr'>id</span> <span class='ocrx_word' id='word_1_616' title='bbox 1222 3724 1265 3771; x_wconf 89' lang='lat' dir='ltr'>est</span> <span class='ocrx_word' id='word_1_617' title='bbox 1283 3714 1410 3770; x_wconf 81' lang='lat' dir='ltr'>fidelibus</span> <span class='ocrx_word' id='word_1_618' title='bbox 1424 3712 1566 3782; x_wconf 88' lang='lat' dir='ltr'>perlicitur</span> <span class='ocrx_word' id='word_1_619' title='bbox 1577 3720 1711 3781; x_wconf 87' lang='lat' dir='ltr'>quantum</span> <span class='ocrx_word' id='word_1_620' title='bbox 1722 3709 1757 3764; x_wconf 88' lang='lat' dir='ltr'>ad</span> 
     </span>
     <span class='ocr_line' id='line_1_62' title="bbox 971 3803 1508 3880; baseline -0.011 -16"><span class='ocrx_word' id='word_1_621' title='bbox 971 3808 1113 3880; x_wconf 88' lang='lat' dir='ltr'>spirituale</span> <span class='ocrx_word' id='word_1_622' title='bbox 1124 3821 1235 3877; x_wconf 88' lang='lat' dir='ltr'>corpus,</span> <span class='ocrx_word' id='word_1_623' title='bbox 1248 3806 1274 3861; x_wconf 89' lang='lat' dir='ltr'>id</span> <span class='ocrx_word' id='word_1_624' title='bbox 1289 3814 1332 3861; x_wconf 89' lang='lat' dir='ltr'>est</span> <span class='ocrx_word' id='word_1_625' title='bbox 1346 3803 1508 3859; x_wconf 86' lang='lat' dir='ltr'>Ecclesiam.</span> 
     </span>
    </p>
   </div>
   <div class='ocr_carea' id='block_1_18' title="bbox 942 3895 1759 3967">
    <p class='ocr_par' dir='ltr' id='par_1_24' title="bbox 942 3895 1759 3967">
     <span class='ocr_line' id='line_1_63' title="bbox 942 3895 1759 3967; baseline -0.005 -14"><span class='ocrx_word' id='word_1_626' title='bbox 942 3937 945 3943; x_wconf 70' lang='lat'>,</span> <span class='ocrx_word' id='word_1_627' title='bbox 1008 3897 1123 3954; x_wconf 84' lang='lat' dir='ltr'>Ostende</span> <span class='ocrx_word' id='word_1_628' title='bbox 1134 3898 1199 3952; x_wconf 82' lang='lat' dir='ltr'>aridi</span> <span class='ocrx_word' id='word_1_629' title='bbox 1213 3898 1308 3967; x_wconf 71' lang='lat' dir='ltr'>sociem</span> <span class='ocrx_word' id='word_1_630' title='bbox 1324 3907 1410 3964; x_wconf 82' lang='lat' dir='ltr'>tacet,</span> <span class='ocrx_word' id='word_1_631' title='bbox 1426 3904 1498 3949; x_wconf 82' lang='lat' dir='ltr'>sonet</span> <span class='ocrx_word' id='word_1_632' title='bbox 1512 3911 1562 3950; x_wconf 76' lang='lat' dir='ltr'>aaa</span> <span class='ocrx_word' id='word_1_633' title='bbox 1584 3912 1630 3950; x_wconf 73' lang='lat' dir='ltr'>ara</span> <span class='ocrx_word' id='word_1_634' title='bbox 1644 3895 1671 3948; x_wconf 88' lang='lat' dir='ltr'>in</span> <span class='ocrx_word' id='word_1_635' title='bbox 1685 3897 1759 3950; x_wconf 84' lang='lat' dir='ltr'>eari-</span> 
     </span>
    </p>
   </div>
   <div class='ocr_carea' id='block_1_19' title="bbox 971 3992 1762 5344">
    <p class='ocr_par' dir='ltr' id='par_1_25' title="bbox 971 3992 1107 4047">
     <span class='ocr_line' id='line_1_64' title="bbox 971 3992 1107 4047; baseline 0.007 -1"><span class='ocrx_word' id='word_1_636' title='bbox 971 3992 1019 4047; x_wconf 81' lang='lat' dir='ltr'>tus</span> <span class='ocrx_word' id='word_1_637' title='bbox 1032 3993 1107 4047; x_wconf 85' lang='lat' dir='ltr'>rucis.</span> 
     </span>
    </p>

    <p class='ocr_par' dir='ltr' id='par_1_26' title="bbox 971 4080 1762 4513">
     <span class='ocr_line' id='line_1_65' title="bbox 1009 4080 1758 4155; baseline -0.009 -14"><span class='ocrx_word' id='word_1_638' title='bbox 1009 4084 1124 4142; x_wconf 82' lang='lat' dir='ltr'>Ostende</span> <span class='ocrx_word' id='word_1_639' title='bbox 1146 4084 1211 4138; x_wconf 88' lang='lat' dir='ltr'>milri</span> <span class='ocrx_word' id='word_1_640' title='bbox 1232 4085 1328 4155; x_wconf 71' lang='lat' dir='ltr'>faciem</span> <span class='ocrx_word' id='word_1_641' title='bbox 1342 4092 1432 4149; x_wconf 86' lang='lat' dir='ltr'>toum;</span> <span class='ocrx_word' id='word_1_642' title='bbox 1453 4083 1526 4139; x_wconf 81' lang='lat' dir='ltr'>sicot</span> <span class='ocrx_word' id='word_1_643' title='bbox 1542 4092 1630 4138; x_wconf 89' lang='lat' dir='ltr'>mater</span> <span class='ocrx_word' id='word_1_644' title='bbox 1650 4080 1758 4137; x_wconf 84' lang='lat' dir='ltr'>deside·</span> 
     </span>
     <span class='ocr_line' id='line_1_66' title="bbox 971 4174 1759 4245; baseline -0.013 -10"><span class='ocrx_word' id='word_1_645' title='bbox 971 4179 1052 4235; x_wconf 87' lang='lat' dir='ltr'>rabat</span> <span class='ocrx_word' id='word_1_646' title='bbox 1062 4178 1148 4234; x_wconf 84' lang='lat' dir='ltr'>[ilium</span> <span class='ocrx_word' id='word_1_647' title='bbox 1162 4177 1272 4245; x_wconf 85' lang='lat' dir='ltr'>ridere,</span> <span class='ocrx_word' id='word_1_648' title='bbox 1290 4177 1327 4232; x_wconf 90' lang='lat' dir='ltr'>ita</span> <span class='ocrx_word' id='word_1_649' title='bbox 1340 4175 1413 4230; x_wconf 82' lang='lat' dir='ltr'>filius</span> <span class='ocrx_word' id='word_1_650' title='bbox 1429 4183 1545 4230; x_wconf 88' lang='lat' dir='ltr'>matrem</span> <span class='ocrx_word' id='word_1_651' title='bbox 1559 4174 1692 4243; x_wconf 85' lang='lat' dir='ltr'>aspicere,</span> <span class='ocrx_word' id='word_1_652' title='bbox 1709 4186 1759 4226; x_wconf 84' lang='lat' dir='ltr'>nce</span> 
     </span>
     <span class='ocr_line' id='line_1_67' title="bbox 973 4264 1758 4338; baseline -0.014 -10"><span class='ocrx_word' id='word_1_653' title='bbox 973 4273 1063 4328; x_wconf 88' lang='lat' dir='ltr'>solum</span> <span class='ocrx_word' id='word_1_654' title='bbox 1077 4271 1189 4338; x_wconf 87' lang='lat' dir='ltr'>intueri,</span> <span class='ocrx_word' id='word_1_655' title='bbox 1204 4270 1252 4326; x_wconf 89' lang='lat' dir='ltr'>sed</span> <span class='ocrx_word' id='word_1_656' title='bbox 1273 4269 1355 4324; x_wconf 91' lang='lat' dir='ltr'>etiam</span> <span class='ocrx_word' id='word_1_657' title='bbox 1378 4267 1506 4337; x_wconf 84' lang='lat' dir='ltr'>colloqui.</span> <span class='ocrx_word' id='word_1_658' title='bbox 1521 4264 1599 4321; x_wconf 85' lang='lat' dir='ltr'>Unde</span> <span class='ocrx_word' id='word_1_659' title='bbox 1613 4264 1758 4334; x_wconf 85' lang='lat' dir='ltr'>sequitur:</span> 
     </span>
     <span class='ocr_line' id='line_1_68' title="bbox 973 4356 1762 4421; baseline -0.015 -1"><span class='ocrx_word' id='word_1_660' title='bbox 973 4364 1054 4421; x_wconf 81' lang='lat' dir='ltr'>Serrei</span> <span class='ocrx_word' id='word_1_661' title='bbox 1065 4380 1116 4418; x_wconf 81' lang='lat' dir='ltr'>coar</span> <span class='ocrx_word' id='word_1_662' title='bbox 1129 4371 1175 4418; x_wconf 83' lang='lat' dir='ltr'>trra</span> <span class='ocrx_word' id='word_1_663' title='bbox 1189 4362 1215 4416; x_wconf 89' lang='lat' dir='ltr'>irr</span> <span class='ocrx_word' id='word_1_664' title='bbox 1230 4362 1338 4416; x_wconf 69' lang='lat' dir='ltr'>cantas</span> <span class='ocrx_word' id='word_1_665' title='bbox 1353 4360 1427 4415; x_wconf 75' lang='lat' dir='ltr'>necis.</span> <span class='ocrx_word' id='word_1_666' title='bbox 1443 4358 1477 4414; x_wconf 87' lang='lat' dir='ltr'>Et</span> <span class='ocrx_word' id='word_1_667' title='bbox 1494 4359 1556 4414; x_wconf 89' lang='lat' dir='ltr'>idco</span> <span class='ocrx_word' id='word_1_668' title='bbox 1571 4356 1697 4414; x_wconf 87' lang='lat' dir='ltr'>desidero</span> <span class='ocrx_word' id='word_1_669' title='bbox 1712 4368 1762 4409; x_wconf 85' lang='lat' dir='ltr'>ro-</span> 
     </span>
     <span class='ocr_line' id='line_1_69' title="bbox 971 4472 1051 4513; baseline -0.025 0"><span class='ocrx_word' id='word_1_670' title='bbox 971 4472 1031 4513; x_wconf 87' lang='lat' dir='ltr'>cem</span> <span class='ocrx_word' id='word_1_671' title='bbox 1043 4475 1051 4511; x_wconf 79' lang='lat' dir='ltr'>s</span> 
     </span>
    </p>

    <p class='ocr_par' dir='ltr' id='par_1_27' title="bbox 1015 4541 1638 4613">
     <span class='ocr_line' id='line_1_70' title="bbox 1015 4541 1638 4613; baseline -0.005 -14"><span class='ocrx_word' id='word_1_672' title='bbox 1015 4546 1070 4601; x_wconf 79' lang='lat' dir='ltr'>i&#39;ox</span> <span class='ocrx_word' id='word_1_673' title='bbox 1080 4545 1151 4602; x_wconf 87' lang='lat' dir='ltr'>eninr</span> <span class='ocrx_word' id='word_1_674' title='bbox 1167 4554 1213 4599; x_wconf 86' lang='lat' dir='ltr'>tao</span> <span class='ocrx_word' id='word_1_675' title='bbox 1227 4543 1324 4611; x_wconf 82' lang='lat' dir='ltr'>dulcis,</span> <span class='ocrx_word' id='word_1_676' title='bbox 1336 4550 1361 4598; x_wconf 89' lang='lat' dir='ltr'>et</span> <span class='ocrx_word' id='word_1_677' title='bbox 1377 4541 1458 4613; x_wconf 73' lang='lat' dir='ltr'>[acics</span> <span class='ocrx_word' id='word_1_678' title='bbox 1473 4551 1519 4595; x_wconf 84' lang='lat' dir='ltr'>tun</span> <span class='ocrx_word' id='word_1_679' title='bbox 1532 4542 1638 4596; x_wconf 83' lang='lat' dir='ltr'>decoro.</span> 
     </span>
    </p>

    <p class='ocr_par' dir='ltr' id='par_1_28' title="bbox 971 4634 1761 5344">
     <span class='ocr_line' id='line_1_71' title="bbox 1008 4634 1760 4704; baseline -0.016 -7"><span class='ocrx_word' id='word_1_680' title='bbox 1008 4640 1084 4697; x_wconf 87' lang='lat' dir='ltr'>Solet</span> <span class='ocrx_word' id='word_1_681' title='bbox 1104 4638 1249 4694; x_wconf 82' lang='lat' dir='ltr'>hdrrsiiium</span> <span class='ocrx_word' id='word_1_682' title='bbox 1275 4647 1302 4691; x_wconf 89' lang='lat' dir='ltr'>ct</span> <span class='ocrx_word' id='word_1_683' title='bbox 1323 4636 1440 4690; x_wconf 80' lang='lat' dir='ltr'>inarime</span> <span class='ocrx_word' id='word_1_684' title='bbox 1464 4634 1602 4704; x_wconf 80' lang='lat' dir='ltr'>virginum</span> <span class='ocrx_word' id='word_1_685' title='bbox 1625 4646 1678 4689; x_wconf 78' lang='lat' dir='ltr'>ros</span> <span class='ocrx_word' id='word_1_686' title='bbox 1699 4645 1760 4688; x_wconf 89' lang='lat' dir='ltr'>esse</span> 
     </span>
     <span class='ocr_line' id='line_1_72' title="bbox 971 4724 1759 4805; baseline -0.016 -16"><span class='ocrx_word' id='word_1_687' title='bbox 971 4735 1090 4805; x_wconf 78' lang='lat' dir='ltr'>benigna</span> <span class='ocrx_word' id='word_1_688' title='bbox 1108 4740 1136 4787; x_wconf 94' lang='lat' dir='ltr'>et</span> <span class='ocrx_word' id='word_1_689' title='bbox 1152 4730 1250 4786; x_wconf 89' lang='lat' dir='ltr'>dulcis.</span> <span class='ocrx_word' id='word_1_690' title='bbox 1267 4727 1354 4798; x_wconf 84' lang='lat' dir='ltr'>Cujus</span> <span class='ocrx_word' id='word_1_691' title='bbox 1373 4742 1426 4781; x_wconf 83' lang='lat' dir='ltr'>ros</span> <span class='ocrx_word' id='word_1_692' title='bbox 1442 4725 1573 4796; x_wconf 71' lang='lat' dir='ltr'>maiorem</span> <span class='ocrx_word' id='word_1_693' title='bbox 1586 4724 1759 4778; x_wconf 87' lang='lat' dir='ltr'>dulcedinem</span> 
     </span>
     <span class='ocr_line' id='line_1_73' title="bbox 971 4818 1760 4893; baseline -0.018 -13"><span class='ocrx_word' id='word_1_694' title='bbox 971 4825 1065 4891; x_wconf 89' lang='lat' dir='ltr'>babet,</span> <span class='ocrx_word' id='word_1_695' title='bbox 1080 4833 1108 4878; x_wconf 90' lang='grc' dir='ltr'>ει</span> <span class='ocrx_word' id='word_1_696' title='bbox 1121 4830 1255 4893; x_wconf 89' lang='lat' dir='ltr'>quantum</span> <span class='ocrx_word' id='word_1_697' title='bbox 1270 4818 1305 4874; x_wconf 90' lang='lat' dir='ltr'>ad</span> <span class='ocrx_word' id='word_1_698' title='bbox 1319 4819 1483 4874; x_wconf 82' lang='lat' dir='ltr'>exteriorem</span> <span class='ocrx_word' id='word_1_699' title='bbox 1506 4832 1616 4882; x_wconf 89' lang='lat' dir='ltr'>sonum,</span> <span class='ocrx_word' id='word_1_700' title='bbox 1629 4826 1657 4871; x_wconf 91' lang='lat' dir='ltr'>et</span> <span class='ocrx_word' id='word_1_701' title='bbox 1670 4830 1760 4886; x_wconf 85' lang='lat' dir='ltr'>quan·</span> 
     </span>
     <span class='ocr_line' id='line_1_74' title="bbox 971 4910 1760 4981; baseline -0.015 -8"><span class='ocrx_word' id='word_1_702' title='bbox 971 4928 1028 4973; x_wconf 90' lang='lat' dir='ltr'>tum</span> <span class='ocrx_word' id='word_1_703' title='bbox 1045 4916 1078 4972; x_wconf 91' lang='lat' dir='ltr'>ad</span> <span class='ocrx_word' id='word_1_704' title='bbox 1106 4914 1267 4971; x_wconf 84' lang='lat' dir='ltr'>interiorem</span> <span class='ocrx_word' id='word_1_705' title='bbox 1293 4912 1472 4977; x_wconf 87' lang='lat' dir='ltr'>intellectum,</span> <span class='ocrx_word' id='word_1_706' title='bbox 1498 4925 1581 4981; x_wconf 85' lang='lat' dir='ltr'>qrram</span> <span class='ocrx_word' id='word_1_707' title='bbox 1604 4910 1678 4965; x_wconf 90' lang='lat' dir='ltr'>iilius</span> <span class='ocrx_word' id='word_1_708' title='bbox 1699 4922 1760 4978; x_wconf 79' lang='lat' dir='ltr'>quae</span> 
     </span>
     <span class='ocr_line' id='line_1_75' title="bbox 972 5000 1760 5072; baseline -0.016 -8"><span class='ocrx_word' id='word_1_709' title='bbox 972 5009 1025 5064; x_wconf 83' lang='lat' dir='ltr'>init</span> <span class='ocrx_word' id='word_1_710' title='bbox 1037 5009 1108 5063; x_wconf 87' lang='lat' dir='ltr'>inter</span> <span class='ocrx_word' id='word_1_711' title='bbox 1120 5021 1217 5062; x_wconf 88' lang='lat' dir='ltr'>omrres</span> <span class='ocrx_word' id='word_1_712' title='bbox 1232 5005 1386 5060; x_wconf 88' lang='lat' dir='ltr'>humillima</span> <span class='ocrx_word' id='word_1_713' title='bbox 1399 5012 1425 5058; x_wconf 91' lang='grc' dir='ltr'>ει</span> <span class='ocrx_word' id='word_1_714' title='bbox 1441 5003 1589 5072; x_wconf 83' lang='lat' dir='ltr'>specialius</span> <span class='ocrx_word' id='word_1_715' title='bbox 1603 5001 1692 5071; x_wconf 72' lang='lat' dir='ltr'>sigilio</span> <span class='ocrx_word' id='word_1_716' title='bbox 1705 5000 1760 5052; x_wconf 81' lang='lat' dir='ltr'>tir·</span> 
     </span>
     <span class='ocr_line' id='line_1_76' title="bbox 972 5094 1760 5172; baseline -0.01 -18"><span class='ocrx_word' id='word_1_717' title='bbox 972 5100 1096 5172; x_wconf 82' lang='lat' dir='ltr'>ginitatis</span> <span class='ocrx_word' id='word_1_718' title='bbox 1116 5098 1244 5169; x_wconf 79' lang='lat' dir='ltr'>signata?</span> <span class='ocrx_word' id='word_1_719' title='bbox 1263 5094 1347 5161; x_wconf 84' lang='lat' dir='ltr'>Quasi</span> <span class='ocrx_word' id='word_1_720' title='bbox 1370 5095 1493 5150; x_wconf 89' lang='lat' dir='ltr'>diceret:</span> <span class='ocrx_word' id='word_1_721' title='bbox 1518 5095 1616 5148; x_wconf 74' lang='lat' dir='ltr'>Audiri</span> <span class='ocrx_word' id='word_1_722' title='bbox 1639 5101 1760 5160; x_wconf 86' lang='lat' dir='ltr'>tempore</span> 
     </span>
     <span class='ocr_line' id='line_1_77' title="bbox 971 5180 1761 5264; baseline -0.022 -15"><span class='ocrx_word' id='word_1_723' title='bbox 971 5208 1040 5249; x_wconf 75' lang='lat' dir='ltr'>mccc</span> <span class='ocrx_word' id='word_1_724' title='bbox 1061 5190 1196 5264; x_wconf 91' lang='lat' dir='ltr'>passionis</span> <span class='ocrx_word' id='word_1_725' title='bbox 1210 5202 1305 5244; x_wconf 87' lang='lat' dir='ltr'>rocem</span> <span class='ocrx_word' id='word_1_726' title='bbox 1327 5197 1379 5241; x_wconf 75' lang='lat' dir='ltr'>tuce</span> <span class='ocrx_word' id='word_1_727' title='bbox 1393 5183 1609 5254; x_wconf 81' lang='lat' dir='ltr'>conquestionis,</span> <span class='ocrx_word' id='word_1_728' title='bbox 1633 5180 1695 5233; x_wconf 89' lang='lat' dir='ltr'>volo</span> <span class='ocrx_word' id='word_1_729' title='bbox 1709 5192 1761 5234; x_wconf 87' lang='lat' dir='ltr'>an·</span> 
     </span>
     <span class='ocr_line' id='line_1_78' title="bbox 972 5269 1758 5344; baseline -0.018 -4"><span class='ocrx_word' id='word_1_730' title='bbox 972 5286 1031 5341; x_wconf 86' lang='lat' dir='ltr'>dire</span> <span class='ocrx_word' id='word_1_731' title='bbox 1046 5286 1074 5339; x_wconf 91' lang='lat' dir='ltr'>iu</span> <span class='ocrx_word' id='word_1_732' title='bbox 1095 5281 1295 5338; x_wconf 80' lang='lat' dir='ltr'>resurreccione</span> <span class='ocrx_word' id='word_1_733' title='bbox 1315 5291 1410 5334; x_wconf 83' lang='lat' dir='ltr'>rocem</span> <span class='ocrx_word' id='word_1_734' title='bbox 1427 5285 1480 5331; x_wconf 75' lang='lat' dir='ltr'>tusc</span> <span class='ocrx_word' id='word_1_735' title='bbox 1502 5269 1758 5344; x_wconf 79' lang='lat' dir='ltr'>congratulationis.</span> 
     </span>
    </p>
   </div>
   <div class='ocr_carea' id='block_1_20' title="bbox 768 5371 1102 5457">
    <p class='ocr_par' dir='ltr' id='par_1_29' title="bbox 768 5371 1102 5457">
     <span class='ocr_line' id='line_1_79' title="bbox 768 5371 1102 5457; baseline -0.009 -3"><span class='ocrx_word' id='word_1_736' title='bbox 768 5398 883 5457; x_wconf 78' lang='grc' dir='ltr'>ιιιιιιε</span> <span class='ocrx_word' id='word_1_737' title='bbox 899 5371 1102 5457; x_wconf 72' lang='lat' dir='ltr'>suessones.</span> 
     </span>
    </p>
   </div>
   <div class='ocr_carea' id='block_1_21' title="bbox 128 5530 1760 5684">
    <p class='ocr_par' dir='ltr' id='par_1_30' title="bbox 128 5530 1760 5684">
     <span class='ocr_line' id='line_1_80' title="bbox 128 5530 1760 5683; baseline -0.003 -73"><span class='ocrx_word' id='word_1_738' title='bbox 128 5638 147 5682; x_wconf 59' lang='lat' dir='ltr'>u</span> <span class='ocrx_word' id='word_1_739' title='bbox 159 5555 189 5683; x_wconf 51' lang='grc' dir='ltr'>ζ’</span> <span class='ocrx_word' id='word_1_740' title='bbox 205 5555 612 5630; x_wconf 67' lang='lat' dir='ltr'>infidelitatislepitutramque</span> <span class='ocrx_word' id='word_1_741' title='bbox 624 5573 674 5615; x_wconf 86' lang='lat' dir='ltr'>ms.</span> <span class='ocrx_word' id='word_1_742' title='bbox 712 5558 735 5591; x_wconf 46' lang='grc' dir='ltr'>δ’</span> <span class='ocrx_word' id='word_1_743' title='bbox 751 5556 872 5614; x_wconf 85' lang='lat' dir='ltr'>Proximi</span> <span class='ocrx_word' id='word_1_744' title='bbox 884 5556 995 5614; x_wconf 84' lang='lat' dir='ltr'>hebetur</span> <span class='ocrx_word' id='word_1_745' title='bbox 1007 5560 1035 5614; x_wconf 87' lang='lat' dir='ltr'>in</span> <span class='ocrx_word' id='word_1_746' title='bbox 1049 5567 1159 5626; x_wconf 78' lang='lat' dir='ltr'>atroque</span> <span class='ocrx_word' id='word_1_747' title='bbox 1170 5573 1220 5614; x_wconf 83' lang='lat' dir='ltr'>ms.</span> <span class='ocrx_word' id='word_1_748' title='bbox 1232 5574 1279 5627; x_wconf 90' lang='lat' dir='ltr'>pro</span> <span class='ocrx_word' id='word_1_749' title='bbox 1293 5554 1404 5613; x_wconf 82' lang='lat' dir='ltr'>Christi.</span> <span class='ocrx_word' id='word_1_750' title='bbox 1443 5552 1465 5586; x_wconf 78' lang='grc'>“</span> <span class='ocrx_word' id='word_1_751' title='bbox 1484 5551 1536 5608; x_wconf 86' lang='lat' dir='ltr'>iis.</span> <span class='ocrx_word' id='word_1_752' title='bbox 1554 5530 1760 5608; x_wconf 65' lang='lat' dir='ltr'>liliamiiinis-</span> 
     </span>
     <span class='ocr_line' id='line_1_81' title="bbox 148 5647 185 5684; baseline 0.054 -2"><span class='ocrx_word' id='word_1_753' title='bbox 148 5647 157 5682; x_wconf 93' lang='lat' dir='ltr'>i</span> <span class='ocrx_word' id='word_1_754' title='bbox 177 5668 185 5684; x_wconf 71' lang='grc' dir='ltr'><strong><em>ο</em></strong></span> 
     </span>
    </p>
   </div>
   <div class='ocr_carea' id='block_1_22' title="bbox 0 0 2015 6036">
    <p class='ocr_par' dir='ltr' id='par_1_31' title="bbox 0 0 2015 6036">
     <span class='ocr_line' id='line_1_82' title="bbox 0 0 2015 6036; baseline 0 0"><span class='ocrx_word' id='word_1_755' title='bbox 0 0 2015 6036; x_wconf 95' lang='lat' dir='ltr'> </span> 
     </span>
    </p>
   </div>
  </div>
 </body>
</html>
