3992 6042
255 248 311 307 aas
914 235 1279 317 immotusque·
1833 264 1891 323 tre

254 372 301 424 tus
314 364 464 438 specificati
481 368 634 442 curialitas,
647 381 740 444 gestus
754 372 971 443 individualitas,
983 375 1048 431 Lar-
1060 381 1084 439 A
1098 375 1126 432 in
1137 392 1181 434 me
1198 375 1279 432 tinem
1295 388 1436 449 proprtum
1455 383 1614 447 consecuta,
1628 384 1712 448 prout
1726 377 1806 435 valeo
1822 379 1892 436 bra·

254 454 347 528 gltatis
361 458 428 513 dum
442 459 648 533 promulgarent
660 464 819 533 adrentum,
838 480 938 523 nomeu
954 466 982 522 in
999 481 1046 523 sa·
1097 468 1190 525 chium
1206 483 1273 524 meae
1285 469 1431 538 potestatis
1444 469 1605 535 extendere,
1618 484 1667 526 eos
1688 470 1810 526 uindicta
1819 471 1891 530 rltio

254 548 393 605 lutatione
407 551 557 621 resultans,
572 554 694 625 ejusdem
709 557 749 612 rei
763 556 843 614 fldem
858 572 874 611 a
887 556 960 614 nube
969 557 1047 613 dubi·
1097 558 1281 631 respondente
1293 559 1457 630 percutiam.
1475 558 1529 615 Sed
1543 559 1607 631 quia
1628 561 1761 618 excedere
1771 561 1889 619 limitem

254 640 367 696 tationis
380 642 485 713 excepi.
1096 665 1164 706 meae
1174 648 1282 706 virtutis
1292 664 1348 705 non
1361 649 1450 717 valeo,
1466 664 1518 706 nec
1530 665 1599 705 mcae
1614 649 1754 709 facultatis
1767 663 1819 721 est,
1834 657 1890 710 bu·

478 733 613 792 Adventus
633 737 815 797 humifitatis.
1094 741 1141 812 jus
1154 741 1318 813 pestilentie
1339 741 1417 798 virus
1442 739 1621 798 omnifariam
1637 744 1801 815 exstirpare,
1818 761 1890 801 meaa

290 821 360 877 llum
386 822 490 881 Natura
523 826 656 901 Largitati
686 832 832 902 primitivae
860 833 1045 901 salutationis,
1086 833 1287 917 possibilitatis
1299 833 1421 906 regulam
1436 842 1593 903 prosecuta,
1605 834 1731 891 homines
1743 836 1890 906 praedicto·

254 915 405 987 vmlcaeette
416 919 674 993 applausionisjrrra
687 925 864 995 persolveret,
879 941 943 983 ecce
955 927 1045 997 puella
1096 934 1157 974 rum
1172 919 1302 976 vitiorum
1316 920 1488 979 anfractibus
1499 922 1621 980 irretitos
1631 923 1814 983 anathematis
1820 942 1890 984 cau-

254 1005 418 1064 lentitudine
432 1011 589 1082 pigritantis
607 1030 720 1086 gressus
735 1016 883 1085 morosior,
896 1017 1045 1074 columbini
1097 1012 1201 1069 ttritbb
1211 1013 1378 1070 charactere·

254 1097 348 1152 vultus
361 1099 519 1168 placiditate
534 1105 673 1171 serenior,
701 1106 861 1163 modicitate
874 1117 985 1164 suturae
999 1123 1046 1164 ca·
1133 1101 1250 1158 Genium
1263 1117 1330 1159 veto
1342 1102 1390 1174 illi
1414 1103 1484 1160 mihi
1506 1104 1533 1161 3⁰
1555 1107 1719 1164 ttcerdolali
1740 1109 1891 1168 ancillatu?

254 1187 407 1258 stigatioris
431 1189 580 1262 humilior,
603 1194 638 1251 ad
663 1211 715 1252 nos
740 1197 877 1255 divertere
898 1196 1045 1254 testudinei
1096 1191 1197 1261 ofitcio,
1210 1194 1310 1251 decens
1323 1203 1366 1250 est
1390 1195 1532 1261 suscitari,
1556 1198 1604 1267 qui
1627 1214 1675 1255 eos
1689 1215 1705 1255 a
1719 1203 1888 1259 natantium

254 1289 366 1344 gressus
378 1279 523 1348 modestia,
536 1282 690 1341 ridebatur.
702 1283 821 1343 starnrae
834 1296 924 1344 tamen
934 1288 1046 1344 humili·
1096 1297 1188 1338 rerum
1204 1283 1338 1354 catalogo,
1354 1298 1370 1338 a
1385 1299 1453 1340 mcae
1461 1283 1665 1355 jurisdictionis
1678 1289 1809 1356 confimo,
1818 1308 1890 1348 meae

254 1367 316 1433 tati,
340 1370 426 1440 gratia
450 1373 666 1442 pulchritudinis
689 1386 803 1433 venerat
826 1377 854 1434 in
877 1387 1044 1449 patronum:
1094 1374 1247 1446 judiciariae
1263 1376 1408 1446 potestatis
1431 1376 1580 1435 assistente
1604 1382 1760 1449 presentia,
1784 1390 1888 1438 restrae

252 1473 316 1528 quae
329 1461 498 1518 mechanicis
513 1463 626 1521 humani
643 1467 752 1524 artificii
766 1482 898 1541 usurpata
917 1469 1044 1539 fallaciis,
1095 1467 1265 1525 assensionis
1278 1470 1458 1528 conveniente
1481 1471 1581 1544 gratia,
1605 1474 1737 1541 pastorali
1751 1474 1826 1546 virga
1837 1491 1889 1532 ex·

254 1551 302 1607 sed
318 1552 381 1608 rito
402 1552 477 1610 fonte
500 1564 606 1613 naturae
625 1559 917 1628 scaturientis,totum
943 1576 1045 1634 corpus
1095 1559 1355 1618 communicationis
1385 1560 1519 1618 eliminet.
1548 1561 1635 1636 Cujus
1663 1565 1807 1635 legationis
1830 1565 1889 1638 lly-

252 1641 362 1700 decoris
385 1645 526 1705 afflaverat
547 1659 723 1707 ornamento.
748 1649 838 1723 liujus
857 1653 944 1709 crinis
969 1663 1044 1711 tanta
1095 1665 1217 1708 mensus
1230 1652 1506 1723 critprobatlssiurus
1519 1666 1687 1724 exsecutor,
1702 1671 1786 1729 penes
1802 1672 1887 1726 quem

253 1732 345 1791 fuerat
365 1735 469 1797 forficis
492 1741 668 1801 demorsione
691 1746 827 1811 succisus,
851 1754 882 1801 ut
907 1760 1043 1819 apocopa·
1058 1727 1080 1783 b
1094 1743 1230 1799 stellantis
1257 1743 1420 1801 elocutionis
1434 1753 1509 1802 astra
1521 1745 1674 1811 lucescunt,
1698 1761 1782 1818 penes
1802 1763 1888 1819 quem

253 1825 337 1883 tionis
357 1828 445 1900 flgura
460 1830 518 1890 fere
534 1834 562 1890 in
576 1836 674 1891 vitium
689 1837 908 1909 transmigraret.
923 1836 1043 1908 Capillos
1093 1832 1291 1891 examinatoris
1303 1835 1412 1891 consilii
1424 1836 1533 1892 locatur
1545 1836 1706 1892 armarium.

251 1935 318 1978 vero
335 1926 454 1994 quodam
478 1929 689 1987 exorbitationis
705 1932 891 1990 diversiclinio
905 1935 1044 2007 devagan·
1111 1925 1221 1997 &9⁰⁶⁰
1234 1923 1371 1997 figmeaoei
1386 1942 1445 1980 ‘lm
1461 1925 1575 1983 N‘lmoe
1588 1926 1686 1983 ‘fueri‘
1699 1930 1734 1983 αὖ
1747 1923 1882 1987 (33115Μῖ

252 2021 305 2080 rer,
329 2015 515 2091 recapessat
531 2020 708 2077 meamne
721 2021 905 2093 conpactus,
922 2023 994 2080 inter
1013 2043 1044 2084 se
1129 2014 1209 2072 runc
1221 2023 1346 2071 sennes
1364 2029 1380 2070 a
1400 2028 1458 2070 ⁸¹¹ae
1480 2014 1687 2086 conquestionis
1702 2015 1832 2088 lacrymis
1846 2017 1889 2074 fe·

251 2103 378 2162 crederes
392 2106 509 2178 litigare.
533 2108 623 2180 Caput
645 2112 813 2169 demissione
837 2114 973 2185 profunda
995 2117 1044 2173 de-
1094 2108 1209 2176 mantes,
1233 2105 1371 2178 f¹f⁰f¹¹¹¹l¹a
1396 2105 1519 2178 capitum
1543 2105 1725 2174 demissiffile·
1748 2108 1889 2166 ⁸⁰¹)le

249 2193 365 2265 jectum,
391 2196 533 2253 humiliter
554 2200 735 2258 encleticabat
760 2203 788 2257 in
811 2211 926 2260 terram.
946 2203 1044 2264 Vestes
1094 2198 1245 2272 §fallarum
1266 2197 1390 2255 ³⁰¹5⁰¹¹0⁸
1415 2204 1521 2253 ⁰²²⁰?ae
1547 2197 1699 2254 iblldlssli
1714 2198 1889 2268 professione

251 2301 308 2342 nou
323 2302 339 2342 a
361 2288 454 2345 natiso
467 2289 560 2347 colore
580 2294 703 2350 materiae
718 2295 863 2366 appositivi
879 2296 981 2354 coloris
995 2299 1045 2354 ad·

251 2376 417 2433 alteratione
429 2379 587 2449 degeneris,
603 2383 769 2441 suburbanae
788 2387 911 2443 materiae
921 2389 1044 2460 vulgari·

250 2472 335 2521 tatem
352 2467 509 2526 artificiosae
523 2471 692 2541 operationis
713 2474 897 2533 defendebant
908 2479 1042 2537 subsidio.

1094 2291 1221 2371 soleant,
1233 2285 1396 2360 Hymenaeus
1406 2302 1473 2344 vcro
1484 2289 1510 2343 in
1520 2288 1686 2358 praesentiali
1697 2288 1806 2346 Naturae
1816 2306 1887 2348 eou-

1095 2389 1191 2452 spectu
1208 2396 1270 2437 sese
1284 2379 1403 2452 genibus
1419 2380 1542 2436 arcuatis
1565 2378 1728 2445 humilians,
1742 2381 1889 2439 destinate

1093 2470 1223 2543 legationi
1247 2486 1308 2527 sese
1322 2469 1460 2528 fatebatur
1472 2468 1636 2526 obnoxium.
1653 2467 1732 2526 func
1744 2470 1789 2526 iila
1803 2471 1889 2529 sche-

251 2551 292 2608 ibi
309 2553 443 2613 fabulosis
457 2558 572 2628 picturae
595 2563 760 2620 commentis
782 2564 923 2637 legebatur
945 2569 1044 2625 inscri-

250 2652 346 2715 ptum,
369 2648 487 2718 qualiter
502 2649 528 2705 in
543 2649 675 2706 virtutum
691 2653 818 2726 catalogo
838 2655 986 2714 flumilitas
1001 2660 1045 2715 in-

251 2739 388 2810 signitatis
402 2742 503 2798 vexillo
515 2742 707 2815 praefulgeret;
725 2743 859 2817 Superbia
873 2764 938 2807 vcro
948 2765 1043 2808 saera·
1130 2739 1246 2809 Milli,
1275 2738 1325 2796 ⁰25
1345 2742 1455 2813 filliis
1485 2741 1633 2797 mundam
1655 2741 1774 2797 &illitis
1796 2741 1888 2813 prima

250 2833 364 2888 mentali
388 2834 520 2889 uirtutum
547 2835 654 2907 syuodo
679 2840 975 2899 excommunicationis
997 2859 1046 2899 su·
1094 2833 1196 2890 fictiia
1226 2833 1417 2904 Ρῑθΰῐθθῑῐῑῑ,
1443 2832 1531 2889 Genii>
1558 2831 1611 2890 Sibi
1641 2833 1721 2888 alteri
1743 2832 1887 2897 similem.

251 2937 351 2992 spensa
359 2924 529 2995 charactere,
538 2934 669 2984 extremae
680 2929 857 3002 relegationis
866 2933 1044 2992 damnaretur
1094 2927 1175 2997 eique
1194 2940 1243 2998 per
1255 2923 1348 2983 omitit
1362 2925 1499 2983 serebatis
1522 2923 1641 2981 svrlutlae
1661 2923 1802 2981 blanditiis
1815 2922 1889 2979 ⁸³¹5·

250 3014 1042 3095 excidioliuieigituradventanti,315Naturaenixiuri
1094 3017 1163 3075 cali·

250 3101 426 3164 festinatione
438 3108 551 3165 seruiens
569 3109 596 3165 in
613 3115 969 3183 occursunv,1salutatiouis
984 3134 1042 3175 suae
1128 3108 1266 3176 Q⁰⁰¹¹i³m
1282 3106 1384 3166 similia
1400 3106 1579 3165 dlSSlmffissm
1593 3107 1798 3178 ²⁸W⁵i⁰¹l020²
1809 3106 1889 3164 simi·

251 3192 386 3251 ferculum
398 3198 556 3254 osculorum
569 3199 724 3256 melliniens
738 3201 924 3273 condimento,
934 3207 1040 3262 vultum
1092 3200 1158 3256 llum
1174 3200 1268 3256 sociali
1290 3199 1451 3256 habitudine
1474 3199 1658 3270 gratulantur,
1681 3198 1838 3254 interciet
1856 3199 1887 3255 iu

249 3286 406 3346 dilectionis
428 3291 554 3348 exhibuit
577 3292 745 3348 medullatae.
774 3291 804 3347 ln
827 3296 1042 3364 specificationis
1081 3293 1206 3363 speculo
1227 3290 1339 3348 Naturae
1366 3292 1492 3348 radiante
1513 3291 1696 3348 similitudine
1721 3289 1889 3347 invertieudo

1093 2562 1186 2618 dulam
1202 2576 1349 2635 papyream
1375 2560 1536 2634 hujusmodi
1563 2564 1729 2635 exemplaris
1753 2567 1889 2626 carminis

1094 2650 1276 2721 inscriptione
1291 2652 1421 2724 signarit.

250 3393 316 3436 reru
332 3395 459 3450 personae
472 3381 661 3452 idiomatibus,
681 3382 750 3439 mihi
764 3382 934 3443 llumilitatis
950 3388 1041 3445 resul-

251 3470 319 3527 tarit
332 3471 476 3530 adventus.

251 3584 402 3653 eaerum
418 3584 533 3644 Nature
542 3589 685 3647 collocutio
697 3606 757 3645 cum
775 3589 932 3663 figmeaoeo,
945 3603 970 3650 et
984 3597 1040 3651 rir-

517 3659 623 3729 giuilvus
637 3662 783 3731 predictis.

284 3744 355 3803 Cum
383 3744 558 3820 Hymenaeus,
581 3760 791 3823 pretaxataque
811 3754 931 3828 virgines
945 3756 973 3814 iu
987 3756 1042 3814 Na·

1092 3400 1136 3442 me
1150 3385 1276 3452 alteram,
1301 3384 1377 3440 uodo
1392 3383 1549 3440 dilectionis
1574 3381 1764 3454 praconlialis
1780 3381 1887 3438 astrin-

1092 3491 1152 3550 gor,
1165 3483 1213 3531 aut
1233 3476 1261 3531 in
1278 3485 1327 3532 tuo
1351 3474 1477 3547 profectu
1492 3474 1651 3546 proficiens,
1671 3481 1720 3529 aut
1733 3473 1760 3529 in
1776 3482 1823 3528 tuo
1834 3473 1886 3527 de-

1091 3565 1163 3622 fectu
1178 3580 1257 3636 aequa
1271 3565 1351 3621 lance
1362 3564 1506 3633 deiciens,
1532 3578 1620 3635 quare
1646 3562 1793 3619 circularis
1805 3562 1887 3618 debet

1091 3675 1152 3717 esse
1166 3659 1287 3728 dilectio,
1307 3670 1337 3718 ut
1356 3670 1386 3717 tu
1416 3660 1521 3717 talione
1534 3659 1689 3716 dilectionis
1709 3658 1885 3730 respondeas.

1091 3752 1195 3809 Patrati
1216 3753 1328 3810 sceleris
1341 3753 1491 3820 evidentia,
1510 3752 1641 3810 clamoris
1668 3767 1766 3825 gerens
1788 3752 1887 3823 imagi-

250 3846 319 3893 turas
345 3837 424 3907 facie,
440 3839 577 3899 intestinae
592 3847 798 3916 conquestionis
821 3847 919 3906 faciem
946 3865 1041 3908 esem·
1091 3864 1166 3915 nem,
1186 3847 1301 3905 humani
1328 3847 1438 3920 generis
1469 3844 1645 3920 naufragium
1674 3845 1724 3902 tibi
1745 3845 1887 3902 evidenter

222 3976 225 3983 ,
250 3931 366 4001 placent,
393 3930 551 4006 internique
564 3935 668 3996 doloris
695 3939 770 3998 ideas
785 3940 812 3997 in
830 3941 976 4001 forinsecae
998 3944 1042 3999 la·
1091 3941 1239 4012 eloquitur.
1258 3938 1342 3996 Vides
1370 3940 1445 3996 enim
1460 3938 1580 4010 qualiter
1603 3938 1730 3995 homines
1742 3936 1887 4009 originalis

250 4023 429 4094 erymationis
453 4024 547 4083 icones
557 4029 709 4099 producere
730 4032 903 4102 molirentur,
914 4049 978 4093 ecce
986 4032 1042 4090 Na·
1091 4042 1198 4088 naturae
1222 4032 1393 4088 honestatem
1421 4030 1586 4088 bestialibus
1613 4029 1750 4087 illecebris
1766 4029 1885 4085 iubenc-

250 4120 311 4167 tura
324 4114 414 4171 verbis
427 4116 511 4172 rerba
529 4120 710 4190 praeveniens,
726 4124 785 4181 aits
803 4123 898 4183 Osola
914 4127 1042 4184 humanae
1092 4132 1176 4190 stent,
1186 4122 1368 4180 humanitatis
1381 4122 1583 4195 privilegialem
1599 4130 1731 4178 exuentes
1744 4129 1884 4188 naturam,

250 4205 454 4264 tenebrositatis
469 4208 629 4280 luminaria,
653 4214 805 4271 occidentis
828 4217 925 4273 mundi
948 4218 1040 4274 sidera
1092 4213 1120 4269 in
1143 4213 1227 4286 31ss
1253 4214 1367 4281 bestias,
1387 4228 1496 4270 morum
1514 4212 1727 4285 degeneratione
1751 4209 1886 4266 transmi-

250 4296 408 4366 matutina,
431 4297 628 4372 naufragorum
654 4303 754 4361 tabulae
763 4303 917 4376 lspeciales,
940 4304 1042 4364 Portus
1092 4315 1182 4377 grant,
1209 4302 1325 4362 Veneris
1348 4305 1376 4360 in
1401 4305 1602 4376 consequentia
1628 4302 1742 4360 affectus
1757 4300 1887 4373 proprios

250 4389 433 4447 mundialium
452 4391 586 4449 fluctuum
612 4393 767 4468 singulares
780 4399 787 4454 l
802 4399 932 4456 radicata
944 4401 1040 4473 cogui-
1055 4411 1077 4468 ι)
1091 4407 1302 4468 consequentes,
1318 4397 1474 4470 gulositatis
1502 4396 1653 4452 vorticibus
1676 4394 1885 4465 naufragantes,

250 4479 332 4537 tionis
343 4482 502 4539 maturitate
517 4498 656 4556 cognosco
679 4502 742 4557 que
754 4488 791 4544 sit
814 4489 898 4547 vestri
916 4504 1039 4548 conven-
1089 4489 1248 4561 cupiditatis
1269 4490 1420 4561 vaporibus
1447 4496 1608 4555 aestuantes,
1624 4487 1677 4545 alis
1694 4485 1830 4557 superbie
1849 4484 1885 4540 d·

248 4581 293 4630 tus
303 4573 386 4642 ratio,
401 4590 463 4646 qua
477 4575 611 4635 adrentus
624 4579 745 4649 occasio,
759 4596 821 4653 quae
834 4582 1039 4641 lamentationis
1089 4580 1179 4637 uticiis
1203 4580 1357 4650 evolantes,
1384 4580 1494 4636 inuidia
1520 4579 1661 4636 morsibus
1688 4577 1859 4648 indulgentes
1875 4618 1884 4644 ,

247 4676 344 4730 eausa,
361 4680 423 4737 quae
448 4665 551 4723 doloris
564 4670 688 4729 exordia.
710 4670 842 4731 iiontines
860 4676 960 4730 etenim
981 4674 1039 4731 sula
1089 4671 1258 4731 adulationis
1287 4671 1426 4744 hypocrisi
1453 4671 1523 4728 alios
1538 4669 1713 4726 deaurantes.
1729 4667 1779 4725 llis
1799 4667 1885 4723 ritio-

249 4753 431 4812 bumanitatis
454 4759 545 4828 specie
563 4759 683 4831 figurati,
698 4763 891 4822 interiusvero
911 4765 1040 4822 belluinae
1089 4777 1150 4817 rum
1171 4763 1276 4818 morbis
1296 4776 1377 4818 neme
1403 4759 1616 4818 medicinalibus
1633 4761 1718 4815 instat
1732 4757 1883 4825 remediiss

248 4848 425 4907 enormitatis
438 4849 612 4910 adorature
637 4855 748 4927 delecti,
762 4871 833 4929 quos
856 4856 1040 4915 humanitatis
1089 4853 1164 4909 huno
1190 4854 1325 4910 scelerum
1340 4862 1491 4910 torrentem
1510 4867 1593 4909 nemo
1612 4851 1692 4908 ebroe
1712 4848 1885 4906 detensionis

248 4939 478 5000 chlamidedoleo
495 4944 653 5012 investisse,
668 4963 685 5004 a
698 4958 816 5006 terrene
830 4948 1040 5007 inhabitationis
1088 4946 1223 5017 castigat:
1238 4945 1290 5002 bos
1301 4943 1457 5001 facinorum
1467 4943 1580 5012 fluctus,
1594 4958 1676 5000 nemo
1688 4950 1786 5014 portus
1797 4941 1886 4996 stabi·

248 5030 417 5102 patrimonio
434 5048 485 5090 ros
510 5034 689 5095 exheredare
708 5046 856 5108 conantur,
871 5040 925 5097 sibi
950 5050 1039 5098 terre·
1088 5037 1165 5097 litate
1177 5039 1308 5097 refrenat.
1325 5038 1448 5098 Virtutes
1470 5040 1554 5097 etiam
1567 5048 1671 5095 tantam
1690 5036 1800 5094 bostibs
1813 5047 1885 5090 con·

248 5137 314 5178 num
344 5121 471 5182 funditus
485 5128 645 5198 usurpando
672 5129 837 5199 dominium,
855 5146 905 5188 ros
922 5130 957 5186 ad
979 5145 1038 5188 cte·
1088 5131 1179 5190 hictus
1191 5130 1376 5205 ingruentiam
1400 5132 1538 5189 sustinere
1556 5146 1616 5187 nort
1627 5129 1763 5195 valentes,
1779 5126 1814 5183 atl
1832 5138 1887 5183 uos

248 5214 317 5273 leste
326 5215 497 5275 domicilium
512 5220 664 5292 repatriare
675 5230 814 5294 cogentes.
825 5220 961 5290 Quoniam
973 5237 1040 5296 ergo
1087 5232 1195 5282 tantum
1208 5224 1379 5281 defensionis
1402 5224 1522 5296 asylum,
1535 5231 1564 5280 et
1577 5222 1642 5279 rita
1655 5221 1809 5278 remedium
1819 5232 1886 5274 cuu-

248 5322 366 5367 resmea
379 5311 481 5384 agitur,
496 5329 561 5370 cum
587 5312 732 5372 familiaris
746 5316 838 5387 paries
853 5315 1039 5373 inflammatur
1088 5316 1206 5388 fugiunt.
1216 5313 1354 5383 Quoniam
1365 5322 1595 5386 ergoresuostra
1608 5312 1751 5371 communi
1767 5312 1885 5382 degras-

249 5403 389 5471 tocendio,
413 5414 516 5463 vestre
541 5406 727 5477 compassioni
742 5407 922 5479 compatiens,
946 5416 1039 5465 restro
1088 5407 1195 5464 satione
1213 5415 1339 5474 vexatur,
1350 5415 1379 5463 et
1390 5405 1521 5477 precibus
1534 5405 1674 5475 melliens,
1689 5404 1741 5462 tibi
1754 5400 1886 5460 obedieu-

249 5494 339 5551 dolori
349 5497 513 5565 condoleus,
529 5499 556 5555 in
570 5509 663 5556 restro
686 5500 791 5571 gemitu
806 5515 899 5557 meum
915 5502 977 5574 lego
989 5516 1038 5573 ge·
1089 5502 1133 5557 tiae
1147 5501 1248 5558 rirtute
1260 5500 1433 5573 precipiens,
1457 5511 1486 5558 et
1504 5500 1627 5573 jubendo
1652 5512 1763 5565 moneo,
1777 5507 1806 5553 ct
1822 5510 1885 5552 mo·

250 5583 359 5652 mitum,
375 5585 404 5641 in
417 5585 509 5644 iestra
526 5590 692 5648 adversitate
711 5607 803 5648 mcum
829 5592 939 5649 invenio
953 5592 1038 5649 detri-
1088 5594 1283 5666 nendojubeo,
1307 5601 1444 5667 quatenus
1465 5594 1540 5652 omni
1556 5592 1746 5651 excusationis
1771 5588 1884 5661 sophis·

250 5683 383 5738 motum.
397 5674 435 5736 be
456 5680 679 5754 contingentibus
703 5685 786 5758 igitur
809 5685 878 5744 rdhil
895 5686 1036 5755 omittens,
1090 5694 1162 5744 mate
1178 5687 1309 5759 relegato,
1334 5686 1367 5746 ad
1388 5701 1439 5746 nos
1457 5698 1579 5745 matures
1601 5698 1755 5753 accessum,
1773 5689 1804 5740 ut
1826 5680 1883 5741 arel
