3992 6042
159 151 218 212 nit
537 148 800 210 blsttncutottes
817 147 1008 207 metronii!
1027 146 1152 207 tunel.
1172 180 1207 193 -
1226 149 1373 209 mutes
1731 153 1782 213 Μ

163 282 237 326 cetur
249 266 386 326 consessio
407 265 550 335 ueritatis,
575 266 647 325 nude
660 267 746 324 Darid
762 284 769 323 s
797 264 900 322 Veritas
913 264 984 328 dei
1041 263 1200 323 Veroacsiss
1221 265 1360 323 vetram
1382 282 1478 325 uerum
1492 278 1573 326 natos
1594 273 1621 326 ni
1631 264 1720 328 'domo
1736 272 1786 329 sio-

164 370 237 418 serro
254 370 314 416 osta
330 368 379 431 cst,
393 359 419 416 id
434 367 475 416 εει
484 358 622 417 confessio
632 361 666 417 tle
679 360 790 416 bomine
803 369 946 431 peccatore
1006 358 1073 416 mini
1088 359 1143 417 sui.
1155 358 1261 417 Dicitur
1270 360 1353 415 ctiam
1374 359 1516 431 iamolus,
1540 364 1613 420 unde
1638 365 1737 437 legitur
1759 368 1787 424 in

164 464 229 511 nata
244 463 287 511 est
305 461 335 509 ut
357 468 387 510 se
410 462 530 510 accuset.
545 451 651 509 Dicitur
663 452 821 523 adimpletio
831 450 950 523 promis·
1001 453 1101 512 Genesi
1113 452 1187 525 quod
1197 451 1421 510 strabamduxit
1436 468 1529 512 secum
1544 467 1678 516 necentos
1690 475 1788 518 verna·

161 546 270 612 sionis,
287 544 357 601 unde
377 544 462 601 Dauid
478 563 486 599 ε
502 543 537 599 ln
558 547 670 601 ueritate
691 544 813 615 disperde
825 542 887 599 ittos
900 583 909 610 ,
923 550 949 598 et

160 637 234 692 sirm
245 636 408 708 promisisti3
422 646 449 692 ει
465 634 529 692 abbi
543 636 692 693 seeundum
705 635 786 691 aliam
801 632 950 706 expositio·

162 745 228 787 neat
245 748 253 785 ε
270 728 455 784 Misericordia
477 739 503 783 et
526 729 623 785 ceritas
646 728 813 784 alsiasernnt
826 727 887 783 sitsi.
903 725 950 781 Di·

160 821 372 892 citurjustitia,
388 819 479 877 uncle:
498 818 683 876 Misericordia
696 828 721 875 et
736 822 834 876 nemias
856 819 948 874 atrio·

163 923 256 971 serum
274 914 347 983 siti,
363 914 390 971 id
409 924 451 969 est
468 912 495 968 in
518 911 629 969 Christo
644 919 830 969 conuenerunt
841 910 948 967 miseri·

161 1007 259 1064 cordia
271 1014 299 1063 et
309 1005 425 1079 justitia.
439 1004 544 1061 Dicitur
553 1004 666 1061 effectum
675 1002 800 1074 justitiae,
812 1002 886 1059 unde
895 1000 950 1059 Da·

162 1096 209 1153 rid
225 1116 233 1152 ι
247 1095 380 1153 Universa
393 1096 442 1151 rice
461 1093 571 1150 Domini
588 1092 771 1148 misericordia
791 1100 817 1146 et
831 1092 948 1161 oesitm,

163 1189 191 1247 id
208 1199 251 1246 εει
270 1189 388 1245 inomni
403 1203 484 1260 opere
505 1186 554 1243 Dei
568 1194 611 1243 est
629 1185 741 1243 adiectus
753 1184 950 1241 misericordie

162 1290 191 1339 et
201 1281 324 1353 justitia.
339 1279 446 1336 Dicitur
457 1276 762 1335 manilestatioetlectus
775 1275 889 1347 justitiae
904 1273 949 1331 di·

162 1374 244 1442 uince,
256 1374 329 1429 uude
341 1374 491 1428 meandum
504 1369 585 1425 aliam
593 1369 806 1440 expositionem:
816 1365 949 1422 Universa

163 1468 214 1523 oia
227 1465 345 1532 Domini,
354 1463 381 1520 ld
394 1462 494 1520 esttiae
500 1460 608 1518 Domini
617 1458 946 1518 dicunturduoatlrcotus

1001 547 1089 604 enies.

1040 638 1135 695 Versus
1149 646 1191 697 est
1205 638 1317 696 metrica
1332 638 1421 697 oratio
1430 640 1450 708 ;“
1459 644 1645 702 rersnsetiant
1659 644 1788 718 proposi·

999 733 1039 790 tio
1048 742 1092 790 est
1103 733 1252 791 secuudum
1268 732 1464 804 quoddicltor:
1479 733 1531 790 itte
1545 739 1682 807 respondet
1697 754 1786 795 sessus

999 827 1077 882 itiam
1088 837 1201 899 partem.
1216 826 1323 883 Dicitur
1337 826 1419 882 enam
1435 827 1569 896 clausula,
1585 830 1658 888 uotle
1671 842 1699 889 et
1710 833 1788 891 clau-

1000 920 1068 977 sula
1081 920 1179 992 psalmi
1200 935 1297 977 sersus
1311 917 1452 976 dicuntur.
1468 919 1602 980 Similiter
1617 925 1646 981 in
1660 927 1788 985 lectioni·

998 1008 1053 1069 bus'
1066 1012 1166 1083 aliquia
1187 1012 1271 1069 etiam
1297 1013 1380 1070 bomo
1394 1014 1495 1071 dicitnr
1507 1029 1604 1072 uersus
1626 1017 1660 1072 ad
1681 1018 1733 1076 boc
1746 1018 1788 1076 la-

999 1116 1075 1164 ctum
1089 1104 1131 1160 tel
1146 1105 1180 1161 ad
1194 1104 1262 1159 illud
1282 1104 1432 1177 amorium.

1043 1196 1147 1253 Vertere
1160 1195 1281 1266 proprie.
1293 1195 1376 1253 Notat
1386 1198 1469 1254 etiarn
1482 1208 1642 1265 carmine,-
1654 1200 1787 1259 omens·

998 1288 1044 1346 rid
1059 1308 1067 1344 z
1089 1288 1165 1344 Verte
1178 1289 1284 1359 impios,
1298 1298 1324 1345 et
1340 1306 1392 1344 non
1407 1299 1493 1346 esunt.

1039 1379 1135 1436 Vestra
1145 1379 1246 1436 dicitur
1260 1381 1404 1438 summitas
1413 1383 1468 1447 rei,
1480 1383 1552 1440 unde
1563 1393 1591 1439 et
1602 1396 1695 1442 vertet
1708 1402 1787 1445 mou·

1000 1472 1037 1530 tis
1050 1474 1167 1543 dicitur;
1183 1482 1266 1545 caput
1287 1474 1370 1530 etiam
1395 1475 1486 1531 omnis
1497 1483 1588 1533 uertex
1607 1477 1718 1536 dicitur.
1734 1480 1786 1537 Ar·

163 1557 282 1613 Domini.
295 1554 404 1611 Primus
418 1553 527 1626 qnando
541 1551 614 1608 teuit
633 1552 661 1608 iu
680 1565 763 1608 carne
785 1559 816 1607 ut
835 1549 945 1621 juDica·
963 1574 970 1585 ·
1001 1567 1089 1623 ericus
1099 1566 1180 1621 etiam
1193 1566 1272 1637 polus
1290 1566 1339 1637 qni
1352 1581 1460 1638 semper
1480 1569 1559 1625 uubis
1573 1580 1685 1641 apparet
1699 1580 1726 1628 ei
1739 1589 1785 1631 uu·

162 1660 248 1717 retur,
265 1650 402 1707 secundus
414 1646 525 1720 quando
536 1645 627 1703 reniet
636 1643 813 1715 adjudicium
825 1652 855 1701 ut
865 1658 946 1699 mun·

161 1744 214 1799 rius
223 1742 362 1815 judicetur
374 1740 410 1796 ab
421 1753 464 1795 eo.
482 1737 513 1794 lu
526 1738 616 1810 primo
639 1736 831 1794 maniiestatus
851 1743 894 1793 est
905 1733 946 1792 el·

161 1834 250 1893 iectus
264 1831 476 1899 inisericordiae,
493 1830 522 1885 in
535 1830 656 1886 meando
670 1827 891 1886 manifestabitur
902 1826 945 1884 ct·

160 1937 250 1985 metus
264 1927 378 1998 iustitie
390 1965 400 1994 ,
412 1924 523 1997 quando
546 1936 644 1978 omnes
666 1920 855 1993 generationes
871 1920 946 1992 judi·

158 2020 298 2076 rabuntur
310 2018 345 2073 ab
360 2030 404 2072 eo.

202 2107 374 2173 Vesinicates,
386 2105 505 2178 proprie.
523 2103 628 2161 Dicitur
638 2104 724 2161 etiam
744 2101 830 2160 Dauid
844 2102 945 2159 vermi·

158 2200 241 2256 culus
254 2208 365 2270 propter
377 2198 420 2255 sui
433 2196 613 2253 humilitatem
622 2205 649 2253 et
658 2195 858 2259 tortitudinem,
871 2194 945 2251 uode

160 2294 261 2367 iegitur
273 2294 301 2349 iu
316 2293 364 2349 lib.
379 2291 447 2363 lieg.
458 2292 492 2347 de
503 2306 537 2348 eo
549 2309 556 2347 :
570 2290 631 2363 lpse
650 2302 689 2348 est
704 2293 861 2348 tenerrimus
869 2290 944 2363 ,tigni

161 2384 327 2442 remeatus.
340 2384 444 2442 Dicitur
454 2385 530 2442 color
539 2386 651 2455 rubeus,
659 2385 750 2441 unde:
764 2382 875 2439 Fuerint
885 2399 945 2454 pec·

139 2487 223 2536 'cato
234 2490 320 2535 oestro
340 2478 419 2534 suteo
433 2479 510 2550 guasi
524 2477 700 2544 demiretur,
719 2475 790 2532 reiut
802 2474 867 2531 tatto
881 2473 945 2530 alta

159 2581 247 2630 nunt.
263 2571 368 2629 Dicitur
381 2571 522 2628 distinctio
532 2571 575 2627 uel
589 2570 719 2637 varietas,
735 2565 808 2624 unde
818 2566 848 2622 in
861 2564 941 2622 Cant.

159 2665 260 2722 dicittn
275 2681 282 2717 :
295 2662 449 2719 ilnrenutas
460 2679 556 2718 eureos
577 2662 706 2734 iaciemus
727 2660 775 2716 tibi
786 2656 944 2716 vermicula-

995 1673 1046 1729 per
1061 1672 1113 1715 nos
1136 1656 1243 1714 uidetur
1268 1656 1367 1713 elevari
1389 1668 1500 1715 uocatur
1526 1671 1630 1726 uertex,
1651 1663 1724 1721 uude
1747 1665 1785 1723 aii

997 1758 1080 1821 poeta
1098 1766 1106 1805 τ

1108 1839 1161 1896 ilie
1175 1851 1263 1898 nester
1275 1843 1350 1899 nolis
1362 1860 1463 1916 nmpsr
1478 1845 1599 1902 sublimi.

996 1929 1104 1988 Dicitur
1117 1932 1200 1989 etiam
1215 1932 1293 2001 tides,
1306 1935 1379 1991 uude
1392 1936 1426 1992 de
1438 1936 1556 1993 ludaeis
1565 1936 1698 1999 ieremias
1713 1957 1721 1996 ι
1737 1940 1772 1999 iii

994 2022 1027 2079 tii
1040 2040 1141 2097 quoque
1158 2023 1305 2095 nemnem
1317 2034 1342 2080 et
1353 2024 1452 2081 ibonis
1465 2039 1698 2098 eonnupsoscrurtt
1707 2042 1784 2089 terre
1837 2090 1839 2095 ,

993 2116 1085 2188 guod
1094 2117 1226 2173 uerticem.
1233 2115 1285 2173 Per
1293 2116 1420 2173 uerticem
1432 2117 1494 2174 littei
1505 2121 1661 2177 sublimitas
1677 2124 1782 2181 inteili-

994 2210 1077 2281 girum
1086 2209 1521 2282 usqueadrertioemstoprariest
1535 2224 1595 2284 post
1605 2215 1784 2287 malaopera·

994 2302 1080 2359 Deoia
1090 2302 1258 2359 usumetiam
1267 2304 1395 2375 elaqueari
1408 2304 1496 2375 ipsam
1511 2305 1574 2364 ildei
1586 2309 1783 2368 sublimitatem

994 2395 1145 2467 corrumpi.
1163 2392 1268 2451 Dicitur
1285 2395 1374 2467 maior
1389 2396 1417 2452 in
1431 2395 1571 2468 Ecclesia,
1584 2401 1657 2457 otude
1672 2400 1782 2463 isaias:

992 2488 1017 2543 Α
1029 2487 1123 2559 etanta
1135 2486 1209 2558 pedis
1223 2503 1305 2560 usgue
1321 2488 1356 2543 ad
1370 2490 1494 2545 oesticens
1507 2507 1559 2547 nott
1571 2503 1610 2548 est
1627 2494 1654 2549 itt
1667 2511 1698 2551 eo
1707 2497 1783 2552 satti-

994 2589 1047 2648 tns,
1061 2580 1088 2636 iti
1102 2578 1277 2651 estamaiori
1291 2595 1380 2652 usgue
1389 2581 1424 2636 ad
1433 2583 1594 2652 marimum,
1606 2587 1679 2642 ustie
1689 2597 1716 2643 et
1726 2586 1780 2645 De·

994 2678 1054 2726 nus
1068 2668 1159 2726 dictus
1174 2676 1217 2724 εει
1233 2676 1326 2723 uerum
1339 2670 1536 2740 apostolorum.
1561 2670 1666 2728 Dicitur
1689 2677 1779 2741 ratio,

158 2767 214 2825 tas,
227 2758 254 2813 ld
264 2766 305 2813 est
317 2756 461 2812 distinctas
476 2756 518 2811 tel
532 2756 662 2812 variatas.
993 2760 1068 2817 uude
1078 2758 1164 2816 David
1180 2777 1188 2815 s
1202 2757 1374 2816 concertetur
1387 2759 1464 2815 dotor
1483 2761 1541 2831 ejus
1552 2761 1580 2817 in
1599 2774 1677 2835 capnt
1687 2765 1744 2836 eius
1754 2774 1781 2823 et

200 2847 311 2916 Vermis,
323 2850 439 2922 proprie.
461 2846 567 2904 Dicitur
580 2845 725 2915 Christus,
748 2846 819 2903 uude
835 2844 941 2902 Dauid:
993 2849 1022 2906 ist
1032 2850 1163 2907 uerticem.

159 2940 216 3014 Ego
233 2960 292 3000 snm
306 2944 400 2998 ommis
413 2940 447 2997 'et
468 2957 519 2995 non
532 2940 619 2995 ιιοιιιο.
636 2937 743 2996 Verulis
759 2938 877 2994 deterre
895 2952 980 3018 nac
1036 2940 1142 3014 Vertigo
1154 2940 1255 2998 dicitur
1266 2940 1380 2998 volutio.
1396 2939 1502 2999 Dicitur
1515 2943 1597 3001 etiam
1614 2945 1779 3017 infirmitas,

64 3042 70 3051 '
156 3034 245 3091 scitur
261 3034 321 3090 siue
335 3034 449 3100 semine,
462 3032 522 3088 siue
536 3030 666 3103 strepitu;
679 3029 815 3103 graditur,
833 3029 945 3086 concul-
996 3041 1034 3092 ιιι,
1054 3030 1154 3104 legitur
1181 3031 1209 3087 in
1237 3022 1359 3103 physica.
1384 3028 1490 3088 Dicitur
1508 3034 1591 3090 etiam
1606 3047 1721 3107 stupor,
1737 3038 1779 3094 uel

157 3135 257 3193 canu,
273 3124 458 3195 vilipenditur.
479 3121 526 3179 Sic
539 3122 666 3179 Christus
680 3129 819 3178 natusest
837 3121 871 3177 ule
884 3118 945 3176 Vir·
994 3124 1099 3191 timor,
1115 3123 1187 3181 unde
1199 3121 1284 3181 leniae
1295 3136 1303 3177 ι
1316 3121 1445 3178 Dominus
1460 3124 1565 3181 mncnit
1576 3127 1605 3181 in
1619 3129 1705 3185 medio
1722 3131 1778 3201 spi·

157 3218 220 3290 gine
230 3217 290 3275 sine
300 3216 372 3273 uirili
381 3217 496 3284 semine,
506 3213 708 3271 luterbomines
718 3213 943 3283 humiliterrixit3
994 3218 1076 3273 ritum
1090 3217 1237 3289 vertiginis.

155 3311 191 3367 de
203 3325 258 3381 quo
269 3308 335 3365 dicit
350 3308 503 3380 propbeta,
528 3305 601 3378 quod
617 3322 670 3361 non
687 3306 793 3378 aperuit
805 3322 834 3361 cs
844 3320 942 3374 suurn,
1034 3308 1115 3366 Vesus
1128 3319 1171 3367 est
1193 3308 1344 3382 proprietas
1361 3323 1416 3381 qua
1439 3308 1540 3381 aliquis
1560 3310 1660 3370 dicitur
1683 3329 1799 3386 veros„

157 3404 185 3460 iti
202 3413 245 3460 est
257 3414 384 3473 tanquam
397 3415 481 3470 agnus
493 3413 581 3452 cosam
596 3399 718 3453 tondeme
730 3414 759 3454 sc
773 3399 940 3466 obmutescit,
993 3401 1058 3474 quia
1071 3401 1196 3459 enuntiat
1211 3414 1321 3470 uerum,
1335 3402 1407 3458 uude
1426 3399 1511 3460 Dauid
1528 3420 1535 3457 ι
1551 3401 1615 3458 Nost
1633 3406 1716 3461 satist
1732 3422 1777 3463 ose

157 3495 288 3553 aiudaeis
309 3502 481 3565 contemptus
496 3499 525 3548 ει
544 3491 722 3548 conculcatus
734 3532 743 3559 ,
756 3489 865 3549 occisus
879 3489 941 3547 init.
991 3509 1083 3549 eorum
1095 3494 1201 3551 ceritas.
1218 3493 1251 3549 lit
1261 3502 1304 3551 cst
1314 3494 1400 3563 ratio,
1411 3509 1467 3566 qua
1487 3494 1588 3566 aliquis
1604 3496 1719 3554 intendit
1733 3499 1776 3555 di·

158 3588 264 3646 Dicitur
284 3597 424 3659 peccatum
438 3627 447 3655 ,
463 3585 534 3641 uode
555 3583 584 3639 iu
606 3582 682 3638 iob:
702 3581 840 3638 Putredini
863 3582 941 3638 diei:
991 3600 1173 3652 ceterorum,
1188 3586 1261 3642 unde
1276 3584 1402 3644 nautas:
1424 3584 1565 3642 Veritatem
1582 3586 1642 3644 dico
1656 3591 1738 3660 sotis,
1749 3601 1775 3649 rt

157 3681 240 3740 Pater
256 3696 328 3736 sneus
349 3695 377 3734 es
390 3720 399 3747 ,
424 3686 510 3732 mater
522 3691 579 3730 mea
591 3682 617 3729 et
630 3688 705 3728 soror
717 3690 775 3730 mea
791 3674 941 3739 ommibus:
991 3692 1045 3732 nost
1058 3678 1179 3732 mentior.
1191 3676 1298 3734 Dicitur
1312 3677 1414 3749 aliquis
1425 3692 1506 3736 serus
1520 3678 1627 3736 ratione
1637 3684 1774 3752 mestitiae,

157 3782 267 3848 propter
290 3773 343 3829 boc
357 3771 431 3843 qnod
449 3770 508 3825 dici
526 3767 632 3826 :Pater
648 3784 721 3824 meus
737 3782 775 3836 et,
790 3765 942 3823 insinuarit
990 3768 1064 3825 uude
1076 3766 1149 3837 Deus
1162 3767 1262 3824 dieitur
1274 3782 1334 3826 esse
1344 3784 1437 3838 uerus,
1448 3770 1513 3840 quia
1526 3770 1707 3831 immutabilis
1718 3785 1771 3842 esi,

156 3865 230 3936 quod
249 3863 340 3920 omnis
354 3863 436 3916 bomo
450 3861 485 3916 ab
496 3858 600 3930 origine
611 3857 706 3914 vitiata
717 3854 877 3923 descendit;
892 3869 942 3909 un·
989 3860 1034 3917 vei
1046 3859 1251 3916 immutabiliter
1264 3869 1317 3928 eet,
1336 3861 1409 3917 unde
1424 3862 1452 3918 in
1466 3859 1597 3934 symbolo
1611 3879 1618 3918 ς
1633 3863 1716 3921 ΒΜ
1728 3883 1772 3923 u.

155 3959 192 4015 de
206 3966 234 4013 ει
244 3956 318 4012 addit
331 3969 339 4007 ι
353 3952 440 4009 llatm
454 3969 512 4008 mea
523 3960 548 4007 et
560 3966 635 4006 soror
649 3966 707 4005 mea
720 3947 861 4014 oeensibus,
873 3948 939 4019 quia
989 3969 1049 4009 suns
1061 3953 1093 4008 ds
1105 3950 1161 4008 Deo
1182 3967 1252 4008 reso.
1273 3950 1377 4008 Dicitur
1395 3953 1478 4010 etiam
1493 3952 1566 4011 Deus
1582 3969 1664 4013 uerus
1674 3968 1772 4015 coena
1874 3986 1877 3993 v

158 4051 262 4109 scilicet
275 4058 303 4106 et
315 4048 351 4104 ab
364 4049 423 4120 ipsa
442 4046 609 4119 putredine,
624 4051 652 4100 ει
672 4058 737 4101 cum
752 4042 811 4114 ipsa
823 4042 851 4099 in
864 4042 939 4100 hunc
989 4044 1074 4103 ialsos
1086 4044 1164 4112 deos,
1179 4043 1227 4116 qui
1241 4057 1297 4100 uon
1311 4051 1376 4100 suut
1393 4045 1449 4102 reri
1461 4044 1511 4102 dii.
1533 4043 1621 4103 liomo
1635 4050 1717 4104 edam
1729 4048 1772 4105 di·

156 4144 289 4202 muudum
305 4141 450 4198 venimus:
466 4147 600 4211 quantum
624 4139 659 4193 aci
681 4135 823 4193 materiam
839 4134 939 4208 quippe
988 4139 1060 4197 citur
1080 4150 1178 4201 verus,
1196 4136 1262 4207 quia
1282 4135 1407 4193 emundat
1423 4151 1519 4195 rerum
1541 4138 1671 4209 uerbom3
1687 4139 1771 4198 enam

155 4235 343 4308 corruptibilis
357 4233 448 4290 caruis
458 4240 545 4288 mater
559 4244 619 4286 mea
632 4238 659 4286 ει
670 4243 748 4285 soror
758 4243 819 4284 mea
831 4243 937 4285 termes
987 4233 1088 4291 (licitur
1100 4244 1207 4298 rerum,
1221 4230 1392 4302 quieveram
1406 4231 1531 4303 estquod
1540 4231 1655 4301 mettun
1669 4249 1770 4307 propo.

159 4338 243 4397 sunt,
256 4327 321 4401 quia
338 4327 372 4382 de
385 4324 529 4396 putredine
549 4324 756 4394 processimus,
773 4330 873 4379 etcum
886 4337 937 4393 pu·
951 4294 974 4352 ⁰
989 4324 1054 4383 sitio
1075 4322 1176 4380 dicitur
1197 4336 1261 4380 uera
1273 4362 1282 4391 ,
1296 4322 1360 4394 quia
1375 4337 1470 4379 rerum
1494 4323 1638 4396 signiticai.
1662 4322 1770 4385 insulte-

157 4424 263 4481 tredine
276 4419 402 4477 serimus
424 4431 506 4487 quam
527 4426 675 4487 portamus.
691 4413 794 4470 Dicitur
806 4415 937 4470 amaritu·
988 4429 1049 4478 crue
1061 4417 1161 4474 dicitnr
1172 4431 1267 4483 uerus,
1283 4416 1349 4488 quia
1363 4430 1458 4472 rerum
1469 4416 1614 4488 conspicit.
1626 4414 1769 4477 toramen·

155 4519 193 4575 do
206 4515 393 4579 couscientia,
407 4510 503 4566 unde:
523 4508 626 4565 Vertit⁸
647 4525 699 4564 ιιι
715 4508 872 4563 manenter.
888 4508 937 4565 Di-
985 4521 1044 4570 tum
1054 4506 1569 4580 etlamdieitoruerom,quando,babet
1578 4511 1766 4579 trescomites,

155 4611 227 4667 citur
238 4610 331 4674 bomo,
346 4605 417 4660 unde
428 4604 527 4677 legitur
539 4617 548 4654 ε
562 4601 598 4657 Ει
615 4603 639 4656 si
652 4600 725 4673 filius
744 4600 857 4656 leminis
877 4616 935 4656 ner·
982 4605 1128 4678 judicium,
1140 4602 1275 4674 iustitiam
1287 4610 1315 4658 et
1333 4600 1473 4658 ueritatem
1484 4616 1491 4654 ι
1502 4601 1636 4672 iudicium
1657 4618 1766 4675 aucam

157 4703 218 4757 mis.
237 4700 341 4756 Dicitur
351 4698 471 4756 carnalis
483 4695 638 4762 delectatio,
652 4694 724 4752 unde
741 4694 769 4751 in
781 4692 834 4751 iob
848 4694 882 4751 de
892 4694 935 4751 lu·
984 4695 1087 4753 dicitur
1098 4690 1240 4761 ceraunii
1255 4699 1298 4748 est
1311 4699 1426 4748 rectum.
1436 4690 1564 4748 Doctrina
1577 4691 1678 4748 dicitm
1690 4708 1764 4762 resa,

157 4794 270 4850 auriaco
286 4808 293 4844 :
309 4791 427 4846 Dutcedo
440 4789 513 4845 ittius
527 4788 641 4855 restris,
664 4787 728 4857 quia
742 4787 766 4844 is
782 4787 830 4859 qui
846 4787 875 4842 in
888 4787 935 4842 de·
983 4789 1050 4861 quia
1068 4800 1163 4842 rorum
1187 4784 1284 4852 docet,
1304 4782 1377 4838 unde
1390 4783 1539 4840 auctoritas
1553 4801 1562 4838 ε
1578 4781 1660 4839 Omne
1676 4799 1765 4841 enum

156 4884 256 4943 siderio
268 4884 385 4940 carnalis
407 4881 590 4954 corruptionis
615 4888 756 4949 exestuat,
770 4881 804 4937 ad
819 4878 934 4937 fetorem
982 4897 1001 4935 a
1012 4879 1067 4936 Deo
1079 4886 1129 4946 est,
1141 4877 1169 4934 id
1187 4885 1229 4933 est
1242 4874 1333 4931 omnis
1346 4873 1470 4932 doctrina
1486 4888 1560 4930 uera.

155 4976 306 5051 putredinis
314 4976 432 5032 anhelat.
441 4974 634 5041 Dicituretiam
643 4989 708 5031 cura
720 4973 850 5037 carnalis,
861 4973 933 5029 unde
1024 4967 1108 5038 Vespa
1116 4974 1158 5023 est
1170 4965 1281 5038 proprie
1291 4964 1396 5036 species
1407 4979 1518 5021 mosee.
1535 4963 1643 5020 Dicitur
1660 4972 1761 5034 terror,

154 5075 188 5130 de
212 5073 307 5144 iniquo
334 5070 417 5127 eluite
437 5070 476 5125 ait
488 5068 542 5126 lob
566 5067 644 5126 :iste
670 5069 784 5123 moritur
811 5067 933 5122 solustra
981 5060 1055 5118 unde
1067 5058 1201 5117 Dominum
1219 5058 1248 5114 iu
1261 5058 1319 5132 lege
1339 5058 1500 5131 promittens
1515 5055 1578 5113 iliis
1594 5055 1761 5130 israelquod

153 5176 178 5223 ct
190 5182 281 5232 sanus,
293 5165 364 5220 diaes
374 5175 399 5218 et
411 5162 495 5232 istic,-
510 5164 607 5218 oisccro
620 5162 677 5232 ejus
689 5159 768 5232 piena
781 5169 842 5216 sunt
856 5160 933 5232 adipe
981 5152 1127 5225 premittur
1136 5163 1232 5220 vespas
1246 5158 1309 5204 ante
1323 5162 1381 5216 eos,
1397 5146 1425 5203 id
1435 5154 1477 5202 est
1492 5146 1520 5202 in
1534 5147 1651 5205 aduentu
1665 5164 1761 5206 eorum

154 5269 179 5315 ei
195 5256 317 5313 medullis
330 5272 391 5311 ossa
410 5255 565 5326 irrigantur.
592 5255 669 5310 ultius
693 5270 752 5310 aero
766 5254 879 5308 moritur
903 5254 933 5307 itt
982 5246 1110 5301 immittet
1125 5252 1241 5300 tenores
1255 5241 1367 5313 spiritns
1377 5239 1563 5298 inabitantibus
1574 5240 1604 5299 in
1616 5250 1688 5299 terre
1698 5255 1762 5313 pru·

154 5350 332 5408 amaritudine
339 5349 435 5403 anime
444 5363 510 5413 suoe,
525 5346 698 5420 eloquentiis
712 5346 804 5417 opttus
816 5361 826 5412 ;
851 5355 877 5402 et
889 5355 933 5401 ta·
981 5335 1131 5394 missionis·

153 5458 211 5497 rnen
219 5438 298 5495 simut
313 5440 341 5493 in
351 5436 455 5509 putrere
465 5436 600 5491 devenient
630 5448 656 5492 et
679 5453 723 5493 eos
750 5451 846 5491 cerates
872 5451 932 5506 cpe·
1021 5427 1139 5500 Vespere.
1161 5424 1219 5484 Hoc
1244 5438 1344 5483 nomen
1364 5439 1453 5496 uesper
1471 5423 1515 5482 rel
1528 5423 1581 5481 hoc
1598 5437 1699 5481 nomer
1716 5436 1766 5505 seg

153 5530 306 5601 simeonis
333 5529 376 5584 uel
391 5529 472 5583 istum
497 5536 527 5582 ut
548 5530 638 5599 cupita
665 5529 773 5597 lrabeat,
786 5525 828 5582 uel
854 5526 930 5584 illum
979 5540 1053 5596 spese
1066 5523 1188 5595 ejusdem
1210 5529 1277 5580 sunt
1296 5520 1520 5593 significationis,
1543 5530 1571 5578 et
1588 5519 1760 5579 uotanrali-

152 5640 189 5699 ιε
197 5624 289 5682 habita
310 5620 427 5691 amittat,
451 5621 575 5680 manaim
595 5623 774 5694 cogitationes
790 5627 928 5692 premam.
981 5617 1091 5689 mendo
1102 5630 1247 5688 respuam
1256 5614 1313 5676 dici
1325 5615 1370 5675 rel
1385 5615 1526 5686 temporis,
1540 5616 1612 5675 uodo
1621 5616 1650 5675 io
1664 5614 1733 5674 (lca.
1746 5591 1765 5699 si
