3992 6042
255 234 307 292 tbt
909 232 1014 291 mani
1032 231 1076 288 nb
1093 228 1229 290 tttstttts
1833 230 1901 288 Μ

227 418 230 426 Δ
257 349 387 408 sidereas
399 361 533 422 superare
546 345 656 414 domos,
674 360 861 420 superumque
877 357 998 418 penates,
1060 350 1083 407 ll
1097 348 1236 406 Excusare
1246 355 1335 418 potest
1347 345 1460 419 picture
1472 346 1577 403 crimen
1591 343 1727 415 adultum,

258 440 314 498 Nec
327 441 380 498 sibl
396 441 524 513 dignetur
538 436 664 494 conferre
679 437 780 508 inlatis
796 451 903 507 retum.
1096 444 1168 512 Quin
1179 444 1286 515 pictura
1297 456 1349 498 suo
1363 442 1496 512 languens
1509 440 1641 512 pallescat
1654 438 1682 493 in
1698 452 1776 494 auro.

256 533 281 590 t
293 533 397 590 nostris
410 532 515 587 laribus
531 538 645 600 excepta
660 531 766 586 beatior
778 529 852 585 aula.
1096 529 1152 586 lllie
1163 543 1288 602 pannoso
1300 528 1431 598 plebescit
1443 528 1566 584 carmine
1578 537 1673 584 noster

256 627 329 684 Aera
344 624 456 682 metitur
469 623 532 678 altis
547 637 682 694 suspensa
697 621 853 688 columnls;
1097 619 1212 686 Errriius,
1229 630 1256 674 et
1269 617 1371 673 Priami
1387 618 1513 674 fortunas
1530 618 1654 686 intonat;
1669 618 1727 675 illic

258 719 354 777 Sidere
367 731 537 788 gemmarum
551 714 738 786 praelulgurat,
753 714 831 770 ardet
846 714 874 770 in
891 731 971 781 auro,
1096 708 1209 766 Mevius
1223 710 1251 764 in
1266 710 1352 766 coelos
1370 710 1475 765 audens
1490 725 1521 766 os
1536 725 1638 780 ponere
1649 719 1768 779 mutum,

256 809 314 867 Nec
327 809 419 865 miuus
431 807 535 879 argenti
551 807 663 877 proprio
678 806 799 861 donatur
811 806 925 862 bonore.
1096 798 1178 854 Gesta
1191 799 1270 855 ducis
1286 798 1427 855 llacedum
1441 800 1579 855 tenebrosi
1596 801 1729 856 carminis
1741 799 1840 858 umbra

256 903 317 960 Non
331 903 369 958 ibi
382 902 511 957 materies
524 916 586 971 quae
600 900 635 954 sit
647 898 795 954 demissior
808 898 868 954 istis
1094 892 1211 963 Pingere
1224 893 1289 948 duur
1303 902 1401 958 tentat,
1417 892 1445 947 iu
1460 894 1551 963 primo
1565 893 1661 948 limine
1675 892 1767 951 lessus

241 996 323 1061 ⁴lura
340 1003 426 1061 tenet,
439 992 607 1064 propriaque
619 998 709 1061 potest
720 989 877 1059 plebescere
893 988 991 1044 lorma.
1097 982 1196 1050 llaeret,
1210 993 1236 1038 et
1251 984 1376 1054 ignaram
1389 984 1515 1055 queritur
1529 978 1684 1054 torpescere
1695 1000 1813 1044 musam.

257 1089 308 1147 llic
322 1088 465 1145 bominum
486 1098 579 1140 mores
590 1083 705 1154 picturae
717 1082 803 1153 gratia
819 1082 927 1148 scribit,
1097 1076 1154 1130 lllic
1164 1075 1298 1147 precipiti
1310 1073 1382 1132 Nero
1398 1076 1513 1133 lulmine
1524 1078 1649 1134 concutit
1663 1079 1771 1147 orbem,

257 1183 305 1240 Sic
317 1181 394 1253 operi
408 1178 521 1251 proprio
535 1177 672 1247 scriptura
684 1174 799 1231 lideliter
810 1173 903 1241 beret,
1096 1165 1242 1237 indulgens
1258 1167 1364 1233 sceleri,
1378 1168 1453 1238 cogit
1465 1167 1526 1239 plus
1538 1170 1607 1224 uelle
1624 1168 1758 1235 iurarem,

259 1274 293 1330 Ut
303 1289 348 1329 res
359 1271 433 1343 picta
446 1269 539 1325 miurus
550 1283 566 1322 a
579 1280 646 1323 uero
659 1266 749 1321 deviet
761 1281 832 1322 esse.
1096 1259 1185 1327 Quam
1202 1260 1281 1315 luror
1291 1260 1349 1331 ipse
1364 1258 1449 1315 uelit:
1469 1261 1603 1331 quidquid
1622 1261 1738 1318 distillat
1751 1261 1787 1317 ab
1800 1260 1853 1320 ttto

256 1365 279 1420 0
294 1378 363 1419 nora
374 1362 489 1432 pictores
506 1356 649 1421 miracula,
664 1355 763 1411 transit
779 1354 812 1410 ad
826 1367 886 1410 esse
1096 1351 1239 1423 Nequitias,
1256 1362 1343 1408 totum
1359 1367 1421 1408 sese
1435 1353 1551 1422 partitur
1566 1353 1593 1408 in
1608 1354 1714 1435 odium.

256 1452 336 1523 Quod
351 1450 420 1506 nibil
435 1463 495 1505 esse
507 1446 614 1517 potestl
629 1445 792 1516 picturaque
808 1443 888 1499 simia
904 1441 973 1508 ueri,
1096 1442 1153 1499 lllic
1167 1445 1245 1500 diues
1262 1453 1333 1515 eget,
1344 1444 1405 1499 sitit
1416 1459 1513 1499 auruum
1525 1454 1601 1502 totus
1616 1446 1644 1501 in
1659 1461 1728 1503 auro

255 1544 321 1599 Arte
336 1555 407 1597 noua
421 1538 531 1603 ludens,
547 1537 576 1591 iu
592 1548 637 1591 res
650 1535 814 1589 umbracula
828 1548 919 1587 rerum
1095 1535 1193 1601 blidas,
1206 1551 1257 1591 nec
1269 1544 1357 1591 metas
1370 1539 1465 1590 animo
1482 1537 1609 1592 coneedit
1625 1537 1754 1595 lrabeudi.

257 1634 356 1701 Vertit,
368 1643 395 1688 et
409 1630 437 1685 in
452 1645 547 1686 uerum
565 1627 708 1684 mendacia
723 1626 830 1697 singula
846 1633 944 1680 mutat.
1096 1626 1190 1682 ilititis
1204 1626 1312 1682 excedit
1323 1627 1421 1697 legem,
1436 1627 1499 1697 plns
1514 1627 1600 1683 milite
1612 1629 1691 1686 miles
1771 1630 1774 1640 '

258 1725 305 1783 Sic
318 1724 413 1794 logium
427 1722 499 1778 uires
513 1721 582 1776 artis
593 1719 729 1776 subtiliter
748 1719 830 1788 liujus
1059 1684 1081 1738 B
1096 1719 1176 1789 bjar,
1193 1719 1352 1790 militiaque
1364 1721 1463 1776 modus
1474 1721 1618 1778 decurrit·
1611 1739 1638 1778 rn
1652 1723 1731 1779 iram.

256 1819 423 1889 Argumenta
434 1822 572 1886 premunt,
584 1811 732 1881 loglcmque
740 1810 910 1880 sophismata
919 1807 1042 1862 vincunt.
1096 1810 1214 1866 Fructus
1227 1826 1321 1866 amore
1333 1809 1422 1879 Paris,
1443 1811 1557 1868 Veneris
1573 1814 1725 1871 decoctus
1717 1832 1744 1871 tn
1758 1817 1832 1889 igue,

256 1909 320 1966 liure
332 1909 441 1980 probat,
457 1907 510 1962 ista
532 1903 616 1963 lacit:
629 1903 688 1958 baec
700 1902 833 1973 disputat,
851 1901 1000 1972 impetrat'
993 1908 1045 1955 usta
1096 1898 1216 1957 llilitut
1209 1917 1237 1957 rn
1251 1899 1366 1967 Venere,
1379 1901 1444 1957 dum
1458 1902 1555 1958 militis
1570 1905 1647 1960 eruit
1660 1916 1738 1963 actos
1752 1925 1759 1962 :

256 1999 344 2058 Omne
359 1997 434 2071 quod
444 2011 506 2053 esse
518 2002 629 2068 potest:
646 1993 688 2050 sie
699 2001 817 2064 utraque
828 2006 892 2047 vera
907 1991 990 2047 uideri
1097 1992 1234 2047 bamrrosc
1248 1999 1408 2061 compensat
1424 1991 1452 2047 in
1472 1993 1524 2050 bae
1538 1995 1612 2065 qood
1633 1998 1723 2067 perdit
1740 1999 1768 2054 iu
1787 2001 1890 2060 armis.

255 2095 338 2152 Falsa
351 2091 443 2163 eupit;
457 2090 504 2147 sed
516 2089 549 2144 ad
562 2088 620 2144 baec
633 2086 741 2159 pictura
757 2084 866 2142 tidelius
878 2083 972 2139 instat.
1096 2087 1126 2143 lu
1140 2089 1214 2144 liano
1229 2088 1368 2160 propriam
1382 2090 1498 2145 miratur
1511 2100 1612 2148 noctua
1626 2092 1755 2165 iormauu,

255 2186 314 2242 lliic
326 2198 402 2241 arma
414 2190 492 2254 parat
502 2179 603 2253 logico,
620 2178 771 2251 logicaeque
783 2177 939 2249 palestram
1096 2180 1130 2236 Et
1144 2182 1238 2237 uultus
1248 2189 1360 2251 peecata
1373 2181 1416 2237 sui
1431 2182 1536 2238 solatur
1550 2184 1578 2238 iu
1594 2184 1651 2239 iilo.

256 2278 348 2349 Pingit
365 2275 543 2341 Aristotelem
557 2273 605 2330 sed
618 2287 652 2329 eu
666 2272 788 2328 divinius
800 2271 859 2341 ipsa
1097 2270 1169 2343 lirgo
1185 2280 1291 2326 tratura
1310 2271 1445 2342 quidquid
1461 2274 1626 2329 munuscula
1641 2276 1715 2347 pieni
1726 2277 1750 2310 '¹

257 2367 495 2425 Somniatarcaua
506 2379 611 2432 rerum,
626 2363 745 2434 eoelique
763 2361 900 2434 proluuda
1097 2363 1219 2420 Pectoris
1232 2347 1269 2429 ³⁸,
1287 2370 1335 2418 aut
1350 2363 1410 2432 eius
1421 2363 1558 2420 modicam
1570 2366 1734 2439 subterlugit
1748 2377 1851 2440 artem,

257 2457 348 2514 blente
360 2454 451 2519 Plato,
465 2467 633 2523 sensumque
648 2452 696 2509 Dei
709 2451 870 2523 perquirere
885 2458 979 2506 tentat.
1097 2454 1262 2525 luseriptum
1277 2454 1408 2511 thalamis
1422 2455 1535 2527 picturae
1545 2459 1633 2529 gratia
1645 2459 1669 2492 ru
1683 2470 1831 2518 monstrat.

257 2549 333 2606 tiore
343 2561 395 2605 suo
410 2544 515 2602 Seneca
527 2558 619 2599 rueres
633 2542 741 2598 ratione
758 2551 890 2608 monetat,
1097 2546 1181 2617 327
1197 2545 1310 2618 Singula
1322 2546 1472 2604 decernens
1485 2564 1568 2606 sensu
1582 2547 1684 2606 Natura
1698 2550 1850 2624 profundo,

257 2639 385 2712 Optimus
398 2638 523 2694 excultor
539 2650 660 2703 morum,
676 2632 833 2705 mentisque
848 2632 974 2688 colonus.
1099 2637 1216 2693 sedibus
1230 2637 1273 2693 bis
1288 2653 1338 2694 sua
1353 2638 1417 2709 jura
1432 2646 1516 2706 tenet,
1528 2639 1657 2712 legesque
1671 2642 1770 2713 ligurat

258 2733 357 2790 Divitis
369 2729 471 2805 ingenii
489 2742 558 2784 rena
569 2725 738 2782 Ptolomaeus
755 2724 905 2789 inundans,
1097 2726 1225 2795 Provida,
1241 2744 1312 2799 quas
1327 2738 1386 2784 toto
1402 2727 1519 2799 sparsim
1538 2732 1693 2805 promulgat
1707 2734 1736 2790 in
1747 2736 1834 2808 arbog

258 2828 394 2884 Deiectus
407 2837 522 2895 superas
539 2835 623 2876 eurru
636 2817 755 2874 rationis
773 2817 801 2872 iu
817 2831 905 2883 arces,
1100 2818 1244 2875 Scrutatur
1258 2836 1350 2876 rerum
1361 2836 1470 2888 causas,
1486 2830 1514 2877 et
1530 2823 1635 2881 seusina
1652 2826 1770 2883 mundi:

257 2916 368 2988 Colligit
383 2926 523 2972 astrorum
539 2925 682 2978 numeros,
695 2910 769 2977 ioca,
786 2917 921 2978 tempora,
934 2921 1046 2963 cursus·
1099 2909 1168 2977 Quis
1182 2912 1268 2967 cbaos
1282 2912 1424 2983 antiquum
1437 2914 1513 2969 uultu
1529 2914 1642 2973 meliore
1657 2918 1783 2988 redemit,

257 3010 341 3082 326
352 3007 436 3063 Verbi
448 3004 606 3078 pauperiem
628 3003 737 3059 redimit
759 3000 903 3073 splendore
923 3000 1047 3057 colorum
1062 3015 1083 3075 g
1099 3000 1169 3058 llum
1186 3001 1281 3058 lormae
1295 3003 1417 3059 melioris
1428 3018 1509 3075 opem
1526 3007 1673 3079 vultusque
1685 3008 1813 3067 decorent

259 3101 377 3169 Tullius,
391 3109 419 3155 et
430 3099 512 3155 dietis
529 3105 644 3153 ornatus
659 3095 768 3167 iulgura
784 3093 878 3151 donat.
1100 3095 1249 3164 Quaereret,
1264 3103 1347 3166 atque
1361 3112 1441 3153 suum
1456 3098 1562 3168 lugeret
1575 3100 1645 3156 silua
1660 3102 1808 3159 tumultum
1823 3120 1834 3164 a

258 3193 366 3264 Virgilii
380 3207 460 3248 musa
475 3190 619 3247 mendacia
633 3189 719 3246 multa
728 3189 853 3258 colorat,
1100 3186 1168 3254 Quis
1182 3187 1244 3243 lldei
1256 3202 1327 3242 nexu
1343 3188 1433 3244 civilia
1449 3189 1519 3246 bella
1531 3190 1687 3261 refrenans,

258 3285 292 3344 Et
311 3284 382 3342 lacie
394 3284 453 3340 veri
466 3282 590 3339 conterit
600 3282 682 3352 pallia
693 3279 777 3338 'laiso
1099 3277 1134 3333 Et
1147 3276 1262 3334 iratrnm
1277 3279 1363 3347 rixas,
1377 3280 1523 3339 elementis
1536 3284 1632 3341 oscula
1648 3285 1725 3357 pacis

258 3374 310 3433 llio
323 3375 401 3448 rigor
411 3382 439 3431 et
451 3388 551 3430 sensns
564 3370 661 3442 aquali
674 3386 788 3427 munera
798 3370 881 3426 lance
1100 3369 1210 3437 lndidit,
1224 3378 1252 3427 et
1263 3371 1369 3427 numeri
1382 3372 1456 3428 nodo
1471 3374 1588 3431 meliore
1605 3376 1708 3447 ligauit.

258 3466 391 3525 Pensaut.
404 3465 517 3522 Alciden
535 3463 613 3535 vigor
626 3471 727 3530 arurat,
741 3478 841 3520 seusus
851 3459 993 3534 Ulyssem.
1100 3459 1246 3516 Terrarum
1263 3471 1365 3529 motus,
1380 3464 1516 3535 mugitum
1529 3465 1665 3534 lulminis,
1680 3469 1737 3527 irat

258 3556 298 3614 tte
314 3566 432 3615 mentem
452 3555 597 3614 fermentet
612 3567 695 3626 opum
711 3554 866 3617 conuictus,
882 3551 992 3608 abunde
1100 3552 1212 3622 tlceaui,
1228 3562 1372 3610 uentorum
1386 3556 1476 3626 prelia
1492 3567 1583 3614 mente
1602 3559 1675 3616 lideli

258 3648 362 3705 Fundit
377 3663 456 3720 opem
475 3648 563 3705 uirtus
576 3646 610 3715 P,
626 3657 654 3703 et
672 3662 788 3702 munera
800 3645 875 3716 cogit
890 3644 976 3700 abire.
1100 3645 1252 3716 conspicit,
1267 3655 1295 3702 et
1306 3656 1381 3703 certa
1396 3647 1483 3705 solers
1499 3650 1628 3721 indagine
1641 3653 1746 3711 claudit

258 3740 360 3798 blilitat
374 3738 503 3795 instantis
517 3736 627 3795 lerneus
641 3737 755 3795 audacia
769 3735 856 3792 l'urni
1101 3736 1246 3809 Ternporls
1257 3754 1408 3805 excursus;
1421 3756 1471 3796 cur
1483 3744 1645 3801 constristata
1660 3746 1769 3816 pruinis

259 3831 333 3888 Ense
344 3843 455 3899 tonans,
468 3832 563 3903 ignara
576 3838 677 3898 metus,
692 3838 720 3885 et
733 3828 849 3902 prodiga
864 3828 936 3896 rite,
1101 3827 1188 3899 Luget
1200 3828 1289 3884 biems
1300 3830 1377 3885 canis
1389 3829 1422 3897 ⁸0,
1441 3831 1511 3887 ridet
1523 3848 1581 3898 uer,
1595 3845 1694 3891 aestuat
1706 3846 1799 3904 restas,

259 3921 454 3995 Hippolytique
464 3920 557 3994 pudor
571 3918 686 3976 Veneris
700 3920 853 3977 subductus
871 3917 996 3987 babebis,
1035 3926 1040 3936 ·
1102 3918 1194 3975 [liduit
1205 3928 1357 3975 autumnus
1373 3935 1464 3975 rerum
1478 3930 1600 3980 torrente
1612 3926 1759 3996 profundo,

260 4013 368 4074 Gaudet
379 4024 406 4070 et
419 4021 536 4086 excepto
547 4012 625 4085 luget
640 4012 786 4085 cytheraea
805 4013 911 4086 pudore
926 4012 960 4067 ⁷¹.
1102 4008 1152 4064 Vel
1167 4023 1218 4064 cur
1233 4017 1305 4064 terra
1320 4009 1407 4077 sedet,
1421 4009 1481 4066 tluit
1495 4015 1595 4082 amnis,
1612 4016 1724 4084 produit
1735 4031 1798 4086 aer,

572 4123 687 4182 ggpgg
705 4124 738 4181 q·
1101 4099 1321 4167 Flamma-volat,
1333 4102 1502 4174 reliquisque
1515 4093 1596 4161 iidem
1610 4122 1664 4163 nou
1678 4108 1770 4165 inuida
1784 4122 1889 4186 mma,

261 4222 384 4288 Neuius,
404 4218 521 4276 Neronis
542 4218 699 4287 crudelitas,
725 4219 806 4290 diue,
830 4220 927 4290 Puris,
948 4219 1049 4275 Durus.
1100 4190 1394 4295 ΝΜῘΜΨΒὙῙΟΙΜ
1406 4194 1674 4263 “demiculfoetlffl
1689 4201 1769 4259 [titii

468 4290 667 4346 Elementorum
681 4290 833 4345 concordio.
1102 4281 1205 4339 babilis
1219 4281 1292 4338 unda
1304 4293 1388 4354 tenet,
1406 4296 1482 4343 certo
1495 4298 1623 4347 contenta
1637 4302 1738 4349 meatu.

260 4381 317 4439 llas
327 4381 434 4452 species
445 4395 595 4452 rerumque
609 4389 714 4451 tropos,
727 4390 754 4436 et
767 4381 876 4437 somnia
890 4381 959 4451 reri,
1064 4345 1091 4406 D
1403 4402 1519 4460 ggpgvf
1539 4404 1583 4461 pp

261 4473 345 4546 Rem
358 4474 429 4545 W
449 4481 534 4540 tenet·
547 4481 625 4529 ωηο
638 4471 736 4559 (θείω
750 4472 860 4530 dmm*
1140 4495 1249 4552 buturo
1269 4496 1388 4567 loquitur
1401 4506 1426 4550 ct
1443 4498 1601 4569 depravatos
1617 4498 1752 4557 leontinum
1769 4517 1853 4562 mores

262 4566 316 4625 Sed
332 4570 427 4625 minus
443 4568 472 4624 in
486 4567 562 4624 uultu
581 4574 693 4637 gestans
710 4567 818 4640 insigne
836 4566 950 4638 pudoris
960 4568 995 4634 ¹⁸,
1429 4567 1560 4639 deplorat

261 4662 419 4722 Postremus
434 4664 575 4722 subtristis
593 4663 675 4718 babet
685 4664 790 4733 pictura
803 4673 923 4733 penates.
1101 4658 1251 4733 Postquam
1266 4661 1387 4719 coelestis
1401 4671 1497 4717 aurata
1509 4661 1605 4717 sedilia
1618 4671 1706 4719 coetus

263 4752 311 4811 Vel
322 4752 423 4811 lusisse
434 4767 544 4825 pamm,
559 4752 602 4809 uei
614 4752 710 4808 saltem
722 4752 829 4809 somnia
838 4769 951 4826 passam
1103 4751 1239 4825 impleuit,
1256 4762 1387 4826 tantaque
1401 4754 1492 4811 nitens
1506 4753 1608 4809 deitate
1622 4752 1730 4810 relulsit

261 4847 377 4914 Credas,
392 4848 436 4904 rel
450 4853 547 4902 mnues
559 4846 607 4902 irae
618 4845 739 4903 sensisse
753 4847 908 4917 proeellas;
1105 4845 1166 4916 lpsa
1177 4845 1288 4913 domus,
1302 4848 1371 4903 tanti
1383 4848 1470 4904 luceru
1483 4846 1581 4901 mirata
1593 4846 1646 4903 diei
1659 4865 1667 4902 t

262 4937 313 4997 Vel
327 4939 415 5012 magis
427 4938 540 4995 oblitam
554 4937 618 4994 laeti
634 4938 775 5009 presentis
787 4939 815 4994 in
827 4940 874 4997 illa
1104 4938 1219 4995 concilii
1231 4939 1306 4995 stetit
1322 4940 1350 4994 in
1364 4940 1456 4996 medio
1469 4936 1584 5007 Natura,
1601 4952 1749 5010 parumper

262 5028 393 5087 Naturam
408 5043 538 5101 peccasse
554 5038 643 5099 putes,
655 5029 741 5085 delira
754 5030 861 5086 ridetur
1105 5029 1135 5085 ln
1148 5039 1249 5086 terram
1261 5031 1383 5086 demissa
1395 5039 1488 5102 eaput,
1504 5044 1636 5100 concepta
1651 5031 1755 5087 seueris

263 5122 381 5181 Picturre
394 5122 479 5182 iacies
493 5123 635 5179 meliorem
649 5138 763 5195 poscere
779 5122 907 5181 lormurn.
1104 5124 1232 5182 Vultibus
1248 5137 1400 5195 exponens,
1417 5133 1550 5193 extraque
1563 5124 1672 5180 silentia
1687 5125 1805 5185 dietant·

267 5213 320 5271 Sed
332 5231 420 5288 neque
433 5230 604 5285 gemmarum
617 5214 711 5271 radius
725 5215 869 5286 splendore
880 5218 1016 5287 diescens,
1103 5218 1283 5290 Suspendens
1293 5215 1402 5271 animus
1416 5230 1498 5272 voees
1512 5216 1598 5274 crivit
1611 5217 1639 5271 in
1651 5216 1719 5273 istas
1732 5235 1740 5272 :

166 5350 173 5379 ,
267 5305 323 5364 ttec
337 5307 410 5363 nitor
424 5307 541 5380 argenti,
555 5321 606 5364 nee
620 5305 846 5378 iulguregratius
863 5323 972 5381 aurum,
1106 5313 1194 5384 sepe,
1207 5311 1265 5380 diu,
1282 5309 1401 5366 muitum
1413 5308 1509 5367 solerti
1520 5319 1610 5367 mente
1621 5317 1741 5367 retrado

901 5462 1021 5521 VdeAE
1041 5467 1245 5529 etelredus

268 5571 326 5675 „P
343 5572 395 5626 lla
424 5574 603 5645 opcs'l'itus.
655 5575 679 5611 '⁸
695 5576 747 5632 lla.
772 5576 868 5637 tubam
882 5597 949 5638 erc
969 5595 1026 5641 tum
1051 5588 1126 5659 luget
1151 5586 1291 5659 Cytherea
1322 5586 1465 5658 pudorem.
1483 5589 1669 5664 ”Utrumque
1696 5609 1745 5649 rus.
1770 5592 1890 5654 decoris.

316 5590 475 5713 Utrumque
482 5662 532 5701 tor
545 5647 633 5717 plene.
670 5648 695 5681 '⁸
713 5646 867 5720 Noucapit
905 5653 929 5687 ¹¹
972 5605 1115 5716 riabulga.
1153 5658 1177 5692 P
1192 5656 1357 5735 drnnqiuq
1358 5674 1408 5714 ms.
1426 5673 1506 5716 cane.
