3992 6042
131 222 184 283 883
732 216 836 278 LIBER
853 212 1130 278 bannootnttiiti.
1700 218 1753 277 ttt

165 332 235 389 buin
248 330 350 388 ierruin
363 326 462 389 durum
477 329 583 388 molliat
592 329 650 404 lpse
663 330 761 388 iocus:
931 337 956 394 Α
1004 331 1060 390 Nee
1070 332 1214 404 polnlirum
1228 344 1340 403 porniini
1358 328 1500 403 quodlibet
1512 342 1574 387 esso
1583 329 1698 388 bonurn.

129 422 175 480 Sic
190 432 268 479 ortus
283 421 361 478 luror
375 424 450 478 intus
461 423 516 496 agit
529 423 681 495 precordia
695 423 784 490 stulti,
967 423 1049 497 427
1061 423 1120 479 Non
1135 435 1177 480 est
1191 423 1218 478 in
1235 423 1330 478 multis
1343 423 1432 480 uirtus
1445 422 1547 495 quibus
1560 438 1621 480 esse
1637 424 1743 482 ridetur

162 511 232 568 butri
245 512 343 569 roolles
359 512 448 573 reddit
462 512 517 569 litis
528 528 616 582 agone
627 512 712 569 vires.
1004 515 1148 586 Deripiunt
1162 514 1242 571 lactis
1253 514 1358 570 lumina
1375 497 1470 571 nostra
1484 516 1553 571 suis.

129 601 202 658 Voce
216 602 399 658 molossorum
414 602 528 659 latebris
541 604 564 639 ¹⁰
577 613 706 660 arcentur
720 601 826 673 onagri,
967 606 1034 663 Pius
1047 606 1122 664 alors
1136 622 1218 678 quam
1233 607 1321 663 rnollis
1339 607 1440 662 habent
1452 608 1479 663 in
1492 615 1601 677 pectore
1615 607 1685 664 tales

163 692 226 748 Exit
240 694 338 764 etipse
352 709 452 749 eanum
465 695 546 750 dente
562 694 717 751 domandus
731 693 767 726 ⁸⁹·
779 708 856 764 apen
1003 698 1081 765 Quos
1097 698 1200 755 sanetis
1214 698 1319 754 similes
1331 698 1505 766 simplicitate
1515 706 1605 768 putes.

129 782 175 839 Sic
189 785 379 856 etpresbyteri
391 785 507 842 vitiosos
517 801 639 857 quaerere
650 786 760 851 debent,
967 786 1105 843 llorsibus
1121 787 1277 859 aggreditur
1288 787 1392 857 lignum
1404 802 1486 856 capra
1497 787 1542 842 cui
1555 788 1686 861 religatur
1698 789 1721 823 ⁸⁸

163 876 196 931 Et
209 876 261 932 nisi
276 877 438 947 peniteant,
458 893 526 933 ense
542 877 625 935 iorire
643 878 703 932 Dei.
1003 876 1072 933 Cum
1088 879 1124 934 sit
1140 876 1179 932 nil
1196 876 1281 942 aliud,
1294 875 1368 946 quod
1386 873 1439 930 sibi
1455 875 1535 930 detur
1551 877 1589 931 ibi
1603 876 1638 932 ⁸⁸.

127 965 161 1023 Et
176 969 260 1024 miser
276 977 302 1025 et
314 969 391 1024 diues
405 968 458 1024 luit
470 969 536 1025 oliin
550 984 599 1026 rex
610 969 681 1027 llida
695 970 730 1037 θ’,
748 970 825 1026 diser
967 966 1100 1034 Quamvis
1111 967 1221 1024 delicias
1233 968 1325 1037 cupiat
1339 966 1391 1022 sibi
1406 965 1538 1037 quisqne3
1553 975 1721 1028 neeesseest

162 1062 246 1135 426
256 1063 345 1129 lluro;
362 1063 410 1118 sed
424 1062 486 1117 vitae
497 1062 655 1118 conditione
666 1062 751 1119 miser
767 1078 775 1114 ε
1003 1058 1039 1116 llt
1050 1061 1159 1130 capiant
1172 1075 1269 1116 omnes
1284 1059 1310 1115 id
1322 1059 1395 1130 quod
1412 1058 1513 1114 babere
1529 1069 1644 1128 queunt.

127 1152 175 1208 Sic
190 1161 284 1209 eustos
300 1169 409 1219 census,
425 1154 466 1210 sic
478 1153 569 1209 omnis
585 1153 652 1208 sirit
663 1168 774 1220 aratus,
967 1152 1011 1208 Nil
1025 1154 1139 1225 prodest
1152 1164 1246 1224 optare
1261 1153 1360 1224 nitigis,
1377 1152 1420 1206 rol
1435 1167 1560 1221 qiiaercre
1576 1152 1657 1208 nobis

163 1243 232 1298 liuor
246 1243 314 1298 nibil
327 1252 354 1298 et
364 1244 481 1299 inultum
495 1244 616 1314 possidet
630 1244 688 1314 ipso
700 1243 776 1300 boni.
1003 1246 1091 1313 Quam
1106 1245 1180 1316 quod
1196 1244 1239 1299 rel
1257 1252 1389 1315 quantum
1404 1244 1461 1297 iiult
1471 1241 1543 1298 [leus
1556 1243 1615 1313 ipse
1631 1244 1707 1300 dare.

127 1333 276 1404 ilesperius
290 1343 427 1390 astrorum
437 1350 467 1391 se
479 1335 584 1407 proiert
594 1335 629 1368 ⁸⁰¹
644 1351 756 1407 vespere
766 1338 898 1407 primunr,
967 1340 1008 1395 bd
1019 1339 1089 1394 rada
1100 1335 1218 1409 Neptuni
1232 1336 1324 1392 lontes
1336 1345 1363 1391 et
1374 1335 1487 1391 donnino
1501 1351 1627 1403 currunt,

164 1423 196 1479 itt
207 1423 273 1479 iacit
286 1424 450 1481 immensum
461 1439 517 1494 qno
531 1424 615 1481 micat
632 1425 783 1495 ipsejubar
801 1443 809 1480 a
1004 1429 1038 1484 Et
1054 1442 1219 1499 quincunque
1233 1435 1323 1498 potest
1335 1441 1448 1483 currere
1466 1426 1553 1482 currit
1566 1443 1639 1498 aqua

126 1513 174 1570 Sic
187 1514 242 1570 cito
253 1530 308 1569 non
325 1516 402 1571 tarde
417 1525 555 1573 monstrat
565 1517 710 1589 egentibus
726 1517 773 1572 ille
968 1520 1021 1578 Per
1032 1520 1116 1576 vallos
1133 1535 1203 1591 quas
1218 1534 1326 1589 sempor
1340 1528 1425 1586 arnat,
1438 1519 1665 1585 dilabituruuda,

162 1605 215 1672 Qui
229 1606 333 1663 clarum
348 1607 450 1679 gemini
466 1608 557 1664 lumen
573 1608 677 1664 amoris
690 1608 781 1665 babet.
1005 1614 1038 1669 lit
1052 1614 1136 1669 eolles
1150 1613 1214 1668 odio
1225 1627 1295 1683 quos
1309 1611 1402 1676 habet,
1419 1611 1464 1666 ilia
1480 1611 1560 1684 iugit.

125 1676 225 1752 AEnlu's
239 1698 363 1769 ingentes
380 1698 403 1731 0¹
417 1706 562 1754 ventorum
574 1708 708 1771 temperat
722 1700 791 1764 iras,
931 1671 1052 1774 BQuois
1066 1705 1133 1762 satis
1146 1714 1198 1770 est,
1208 1704 1252 1760 his
1262 1705 1342 1776 plura
1352 1704 1456 1761 fluunt:
1473 1706 1515 1760 liis
1524 1704 1646 1776 undique
1660 1704 1757 1776 lertur,

100 1816 103 1821 ,
162 1788 194 1845 Et
207 1805 283 1847 mare
293 1790 434 1863 Neptunus
444 1807 515 1863 saepe
530 1792 645 1849 tridente
660 1792 774 1848 domat:
1006 1795 1054 1853 llis
1064 1797 1155 1862 dator,
1172 1795 1216 1850 liis
1230 1797 1351 1851 emituit
1368 1810 1472 1867 pauper
1486 1797 1589 1867 ubique
1598 1797 1683 1867 jaeoi.

124 1879 172 1937 Sic
184 1898 244 1938 sese
258 1883 387 1940 dominus
403 1884 486 1940 iaciat
498 1884 607 1940 ienitate
618 1883 722 1951 timeri,
968 1889 996 1943 in
1012 1888 1125 1943 Boream
1141 1886 1294 1958 Zephyrum
1309 1888 1431 1943 conserti
1447 1902 1518 1957 saepe
1530 1889 1666 1963 ridemus,

162 1972 213 2040 Qui
229 1975 350 2046 regimen
364 1990 471 2048 inagnae
484 1975 573 2045 gentis
585 1974 688 2030 babere
704 1973 793 2044 eupit.
1004 1978 1121 2034 Nomine
1135 1988 1241 2035 mutato
1255 1994 1353 2035 rursus
1368 1988 1396 2035 et
1413 1980 1487 2036 bunc
1502 1981 1529 2035 in
1543 1996 1618 2038 euin.

122 2062 199 2117 Bella
215 2049 307 2119 rnoiet
324 2065 406 2120 citius
420 2064 464 2120 cui
477 2065 577 2120 desunt
593 2078 699 2119 cornua
714 2072 822 2127 taurus,
969 2067 1029 2121 Non
1046 2076 1136 2123 tamen
1155 2066 1277 2123 admiror
1293 2070 1327 2123 de
1341 2078 1464 2138 tempore
1479 2071 1502 2125 si
1519 2072 1653 2138 varietur,

161 2154 250 2218 Qiiani
266 2155 313 2223 qul
330 2164 447 2210 cornuta
461 2153 552 2211 ironte
563 2153 647 2210 lenire
660 2162 753 2226 potest
769 2172 776 2207 ε
997 2158 1067 2214 cuni
1080 2158 1121 2215 sic
1139 2170 1303 2215 cunctorum
1318 2159 1454 2216 Conditor
1468 2162 1528 2233 ipse
1539 2163 1625 2217 velita

121 2243 235 2315 Saepius
247 2245 274 2302 iu
287 2247 346 2302 rieo
358 2262 457 2317 pueros
473 2261 595 2319 pugnare
608 2245 742 2313 ridemus,
971 2251 1025 2309 Sed
1037 2251 1121 2307 rniror
1135 2251 1260 2307 miranda
1276 2254 1369 2321 nimis,
1384 2268 1454 2325 vaga
1467 2256 1552 2312 corda
1571 2256 1706 2329 uirorum,
1777 2322 1780 2325 ,

162 2339 251 2404 Qiiarn
266 2339 372 2394 ualidos
390 2339 517 2395 hominos
531 2339 610 2410 queis
622 2339 693 2396 solet
705 2339 864 2415 essosigor.
1006 2340 1063 2398 Cur
1077 2342 1159 2399 toties
1171 2350 1279 2398 muteru
1296 2356 1337 2412 se,
1353 2344 1517 2415 probibente
1532 2344 1598 2402 beo.

123 2427 274 2499 impatiens
285 2430 371 2485 aiiinii
387 2429 422 2461 ‘¹‘
432 2430 456 2486 si
467 2431 518 2486 bos
531 2429 663 2503 jungatur
675 2439 779 2501 aratro,
970 2432 1031 2489 Nori
1046 2433 1128 2489 aliam
1143 2432 1229 2504 legem
1246 2433 1350 2503 patitur
1366 2432 1411 2489 lui·
1423 2449 1506 2505 quain
1518 2435 1589 2492 latro
1603 2446 1713 2509 eaptus,

164 2518 288 2588 Tortarn,
306 2536 361 2577 non
375 2529 478 2577 rectam
493 2522 582 2592 carpit
594 2522 699 2578 arando
712 2522 788 2579 riam
804 2541 812 2580 z
1006 2525 1138 2592 Quamuis
1151 2532 1232 2580 nocte
1246 2524 1328 2592 latro,
1341 2523 1388 2579 lor
1401 2534 1446 2581 eat
1461 2526 1519 2597 ipse
1533 2528 1587 2583 die.

125 2611 176 2669 Sie
191 2621 257 2670 sont
270 2613 319 2685 qui
333 2614 479 2670 retrabunt
490 2613 649 2686 gradientes
663 2629 735 2685 saepe
755 2623 919 2681 retrorsum,
970 2614 1029 2672 Nori
1043 2616 1135 2673 minos
1149 2615 1194 2672 bie
1209 2624 1305 2686 peceat
1317 2616 1365 2688 qui
1376 2631 1491 2673 censum
1506 2619 1601 2675 condit
1615 2619 1643 2675 in
1664 2634 1741 2692 agro,

163 2705 232 2760 Crini
249 2705 361 2760 rideant
376 2704 438 2760 illos
453 2705 478 2740 ‘⁸
492 2719 605 2776 carpere
617 2704 689 2762 lucis
701 2705 764 2762 iter.
1006 2708 1095 2775 Quam
1112 2708 1159 2778 qui
1173 2707 1326 2763 doctrinam
1341 2706 1445 2764 claudit
1459 2708 1487 2763 iii
1505 2724 1554 2766 ore
1568 2727 1658 2766 suam.

124 2795 198 2852 Criin
217 2797 289 2865 nire,
301 2794 482 2869 compluria,
504 2809 569 2850 coni
592 2794 724 2867 grandine
742 2804 850 2852 sertore
873 2810 920 2850 ca·
970 2800 1051 2855 Absit
1062 2798 1241 2855 commissum
1256 2797 1316 2853 sine
1326 2797 1405 2853 locro
1418 2797 1491 2854 ierne
1504 2800 1648 2872 talentum,
1738 2834 1743 2843 ·

785 2883 884 2957 ilpras,
963 2928 972 2944 .
1008 2888 1048 2944 Ne
1062 2901 1158 2945 serios
1170 2901 1290 2956 nequam
1305 2900 1358 2941 nos
1372 2895 1452 2944 nocet
1466 2887 1507 2943 ira
1523 2886 1584 2944 bei.

165 2975 204 3030 Ac
215 2974 265 3031 niti
276 2982 374 3031 contra
387 2974 478 3033 ironte
494 2974 620 3032 ridemus
633 2991 699 3033 oros
714 2993 721 3029 :
932 3016 955 3073 C
971 2980 1033 3035 Nou
1046 2993 1115 3048 opos
1127 2984 1170 3034 est
1183 2992 1282 3033 sonino
1296 2975 1415 3047 Syreiics
1425 2977 1601 3050 ingredienti,

127 3065 248 3137 injustos
262 3066 350 3135 lraus,
366 3067 418 3135 ira,
433 3065 524 3134 neias,
538 3067 640 3136 injuria
652 3076 775 3138 raptant,
1007 3069 1063 3126 Nee
1078 3069 1130 3124 sibi
1144 3070 1191 3140 qui
1202 3068 1294 3124 studio
1306 3068 1376 3125 laisa
1390 3083 1488 3126 cavere
1502 3071 1584 3127 volet.

167 3157 220 3214 Scd
236 3159 327 3229 justus
340 3168 398 3216 toto
409 3159 492 3215 corde
503 3158 607 3214 resistit
620 3159 671 3214 eis.
973 3155 1050 3228 Saepe
1063 3156 1165 3226 stylum
1177 3154 1268 3220 rertit,
1283 3155 1331 3226 qui
1342 3171 1450 3213 versuni
1464 3157 1486 3190 ⁸¹
1503 3167 1609 3216 seuere
1622 3159 1713 3229 debet,

124 3247 189 3307 Non
200 3251 271 3321 potis
282 3264 324 3307 est
338 3250 450 3323 pelagus
462 3250 558 3307 leniter
569 3260 759 3307 transcurrere
770 3251 921 3308 lembiis‘¹·
1009 3249 1140 3306 ilentibos
1152 3255 1196 3305 est
1214 3261 1331 3321 ungnes,
1342 3248 1439 3319 scalpit
1453 3258 1481 3306 et
1493 3266 1584 3322 ungue
1601 3260 1699 3321 caput;

166 3342 198 3397 [ti
214 3343 250 3400 gii
264 3344 311 3414 qui
326 3344 411 3401 remis
425 3359 538 3401 currere
553 3351 635 3416 cogar
645 3360 719 3400 aum,
971 3338 1075 3405 Quaerit
1089 3352 1152 3408 qiiae
1167 3336 1297 3407 primurn,
1312 3351 1374 3407 quae
1387 3347 1483 3408 postea
1494 3354 1597 3409 ponere
1611 3341 1708 3412 possit,

126 3436 191 3493 Non
205 3438 276 3493 vaiet
286 3437 321 3493 ad
336 3446 437 3493 metam
451 3453 564 3492 cursum
580 3438 730 3509 perducere
740 3453 838 3495 cursor
1008 3428 1068 3484 N⁰¹¹
1083 3430 1188 3500 quavis
1202 3438 1265 3500 apte
1278 3429 1360 3485 'eibi
1375 3430 1582 3502 ¹⁰⁰²i21i01052·

166 3527 199 3583 Νῑ
219 3528 271 3584 sint
283 3542 346 3601 spes
358 3535 385 3582 er
399 3543 447 3596 pes
458 3526 626 3584 auxilientur
639 3527 663 3583 ei
683 3529 717 3583 ⁸³,
978 3522 1113 3577 lbersites
1128 3535 1273 3577 numerum
1287 3535 1342 3575 nou
1356 3520 1428 3578 vires
1442 3522 1520 3577 aurit
1533 3521 1657 3589 Achivis,

128 3620 255 3691 Longius
271 3619 317 3674 iiie
327 3617 402 3674 ridet
416 3617 464 3688 qui
476 3617 572 3673 multis
586 3626 691 3687 spectat
706 3618 813 3683 ocellis,
1008 3611 1089 3683 inops
1104 3612 1224 3679 virtutis,
1239 3613 1400 3685 garrulitate
1415 3618 1514 3683 potens
1531 3629 1540 3668 t

168 3713 256 3779 Qiiaiii
271 3710 316 3767 ciii
327 3711 375 3765 dat
386 3709 477 3765 risum
493 3709 568 3766 solus
580 3707 694 3775 ocellos,
707 3708 789 3765 borno
808 3727 815 3763 ε
974 3703 1106 3759 sternier
1123 3719 1219 3762 seaeos
1232 3705 1362 3774 alphinus
1377 3703 1484 3760 inutilis
1495 3712 1586 3760 exstat

130 3801 238 3857 ideirco
254 3815 365 3855 iaccain
381 3799 547 3854 seriandam
564 3796 679 3854 tradidit
690 3799 765 3868 Argo
1012 3795 1085 3850 inter
1097 3809 1162 3850 arcs
1176 3795 1260 3861 bubo,
1278 3795 1359 3852 loeus
1376 3804 1404 3851 et
1416 3797 1489 3852 inter
1501 3811 1566 3867 apes
1578 3814 1587 3864 ;

171 3894 277 3965 Sponsa
291 3891 368 3947 toris
380 3890 464 3957 luno,
479 3906 547 3957 iioii,
560 3889 737 3961 Polypheme,
754 3890 815 3945 tibi.
975 3885 1050 3942 luter
1064 3892 1207 3941 narrantes
1218 3886 1328 3951 cilrani,
1341 3888 1421 3956 iurat
1432 3903 1494 3942 esse
1507 3888 1611 3958 figuras

135 3985 197 4040 iim
212 3985 305 4041 minus
315 3992 424 4039 exercet
441 3982 489 4054 qui
501 3982 555 4038 late
571 3983 711 4053 spargitur
724 3981 807 4051 ignis,
1011 3976 1046 4033 Et
1057 3977 1116 4033 rult
1127 3977 1268 4033 multoties
1283 3978 1434 4047 anticipare
1449 3977 1552 4033 locuni.

172 4077 259 4146 Quam
275 4076 319 4132 oui
331 4076 452 4131 collectae
469 4076 523 4129 rim
538 4074 660 4130 tribuere
673 4071 748 4129 laces
977 4067 1092 4140 Separat
1106 4068 1241 4124 instantes
1254 4067 1374 4123 istbrous
1391 4067 1482 4123 brevis
1498 4067 1587 4123 insula
1602 4066 1710 4137 ductus,

136 4170 247 4228 Fortius
261 4168 366 4225 inuadit
377 4168 424 4240 qui
441 4169 514 4224 eires
528 4167 633 4239 colligit
647 4166 767 4232 hostem,
1010 4157 1074 4214 Haec
1087 4173 1181 4230 pacem
1194 4156 1294 4228 dimini
1305 4157 1427 4213 ⁰⁰¹iii¹¹⁰i
1442 4157 1658 4217 ”⁰1¹⁸''ffl2i580

172 4263 259 4331 Quam
271 4263 319 4334 qul
333 4259 467 4335 dispersis
482 4258 589 4315 uiribus
607 4257 692 4312 instat
706 4256 743 4311 ei.
976 4247 1035 4303 Non
1051 4256 1167 4319 possunt
1182 4247 1252 4302 tauri
1264 4260 1429 4304 concurrere
1442 4244 1533 4302 iroute
1546 4247 1657 4312 minaei,

136 4355 277 4412 Pessimus
292 4363 335 4412 est
344 4354 432 4411 bostis
445 4353 491 4423 qui
503 4366 566 4406 cuin
579 4351 649 4405 bene
666 4349 766 4404 leceris
779 4350 829 4413 illi,
941 4364 962 4417 p
1013 4339 1082 4394 ¹3¹¹¹ss
1102 4337 1230 4393 baculum
1241 4344 1339 4409 P³⁵¹⁰i
1351 4336 1476 4391 ⁸⁰b¹⁰i³¹
1490 4337 1560 4391 ⁵⁰¹⁸?
1573 4353 1631 4393 0⁰⁸·

172 4447 284 4505 Fortius
295 4446 424 4516 insurgit,
440 4443 510 4499 bella
525 4440 661 4496 monendo
676 4440 725 4495 tibi
741 4458 748 4493 :
976 4429 1062 4502 1428
1070 4429 1157 4500 Apula
1179 4444 1246 4501 gens
1267 4438 1293 4484 et
1307 4442 1374 4500 geris
1388 4425 1508 4483 Lucania
1528 4428 1597 4484 bella
1616 4429 1641 4462 ⁸⁸
1659 4430 1766 4486 minan-

139 4536 185 4592 Sie
198 4538 274 4593 carni
289 4535 332 4593 lac
347 4536 415 4591 nelle
430 4549 510 4590 suurn
526 4532 550 4588 si
563 4531 634 4588 bella
646 4529 748 4585 inoveri
881 4589 890 4605 θ
1675 4531 1729 4590 tur,

177 4623 282 4684 bissini
296 4646 304 4682 ι
318 4627 341 4683 si
356 4639 462 4698 pacem,
476 4622 546 4679 eolla
561 4622 673 4677 domato
686 4618 711 4650 ⁸⁸
727 4618 808 4674 lame.
1015 4610 1069 4667 Sed
1084 4610 1188 4667 rabiem
1204 4609 1294 4666 media
1308 4624 1376 4681 gens
1389 4607 1529 4667 Venusina
1541 4622 1624 4670 vetat.

979 4703 1010 4756 lu
1023 4716 1105 4759 cavea
1120 4702 1230 4773 propria
1246 4700 1276 4756 iit
1289 4709 1368 4756 atrox
1382 4708 1409 4756 et
1424 4715 1519 4773 aspera
1537 4702 1643 4774 uulpes,

447 4756 563 4815 CAPUT
578 4755 620 4811 ΙΙΙ·
1015 4792 1083 4862 Quae
1094 4793 1169 4863 prius
1182 4791 1392 4865 aufugeret¹⁰·'¹
1401 4791 1425 4848 si
1440 4790 1510 4850 loret
1522 4792 1567 4849 lila
1581 4793 1660 4850 loris.

140 4899 199 4955 Non
213 4903 305 4954 teiieas
318 4911 417 4951 aarum
446 4903 532 4951 tntum
545 4892 617 4962 quod
633 4888 757 4947 splendet
771 4897 801 4942 ut
815 4902 924 4950 anruin,
980 4884 1124 4955 improbos
1139 4894 1167 4939 et
1179 4885 1294 4940 mordax
1312 4885 1390 4939 canis
1401 4890 1444 4941 est
1461 4883 1489 4939 in
1502 4885 1598 4942 limine
1612 4896 1677 4941 noto

780 5039 898 5098 tanim
917 5036 1122 5094 LECTlONES.

170 5199 194 5244 r·
227 5196 326 5269 spicis.
371 5196 404 5228 ⁸⁹·
429 5190 574 5265 Exemplar
597 5187 772 5259 lugdunense
796 5183 904 5265 babet:
930 5177 1065 5237 tenendus
1095 5174 1269 5238 Parislcnse,
1295 5172 1443 5254 timendus.
1499 5171 1522 5253 ’ξ
1545 5170 1632 5254 Nld'as
1651 5190 1697 5232 rex
1715 5178 1767 5239 latr

136 5269 339 5395 ‘birine
383 5264 792 5387 ·⁰‘²¹‘⁰·¹²·”li'·.ittb:til¹
805 5252 1467 5378 iliimtatiiiitill‘titiam:
1482 5243 1766 5381 ‘libitinae

135 5353 284 5481 ww&
298 5344 931 5462 ¹,¹15²{s'f¹²‘⁵⁰·²i’·”1¹32i¹i¹a⁸uscaiueiesentinosam
946 5383 1110 5457 exemplario
1119 5328 1502 5466 brienntraiisireliburnus.
1540 5380 1564 5413 ‘⁸
1579 5328 1686 5454 leym,
1699 5387 1765 5447 itata,

136 5483 159 5513 a
182 5448 312 5535 buniade.
354 5475 377 5506 ε·
394 5472 457 5541 Quo
479 5472 620 5543 religatur.
664 5464 687 5498 u
708 5463 769 5519 Duo
788 5459 989 5532 exemplarium
1026 5466 1054 5540 nt
1075 5452 1171 5509 :Cuia
1187 5455 1239 5508 sibi
1261 5453 1301 5506 uil
1317 5452 1397 5506 detur
1422 5450 1498 5549 quod
1523 5449 1645 5510 lacerare
1672 5469 1765 5582 zaga,

137 5551 158 5582 ⁸*
185 5549 300 5620 beuter,
318 5546 430 5617 lingere.
469 5541 494 5575 ‘⁸
512 5540 609 5609 beuter
624 5552 690 5593 una.
728 5535 750 5569 ⁸⁹
766 5532 877 5599 θοάων
892 5525 1135 5598 scrupulositatis
1157 5520 1420 5578 nonantulanum
1448 5518 1656 5591 ‚upaiagang
1700 5543 1766 5586 w..

139 5634 242 5691 aanor,
254 5631 363 5686 semper
374 5613 444 5670 bella
455 5612 605 5679 minantur,
643 5606 704 5650 ’Μ’
723 5602 791 5659 lieni
805 5621 812 5658 ε
824 5600 890 5669 Quae
897 5601 988 5672 potire
997 5595 1114 5666 lugeret,
1126 5602 1176 5648 ete.

282 5711 407 5771 Parnoi
442 5700 530 5765 CCX.
1534 5683 1571 5744 19
