3992 6042
109 260 162 327 ιιι
502 254 768 314 onsrrucmonss
788 255 980 314 nrcrrouuh
1000 254 1127 311 runnu.
1147 283 1184 296 -
1202 252 1357 313 ιιι-ιιι
1696 260 1749 322 29,

107 381 224 438 Dicitur
243 387 371 452 peccator
391 376 479 449 spinis
496 386 672 449 peccatorum
688 377 813 441 obsitus,
833 374 905 429 unde
921 379 944 437 Α
959 372 1100 427 latorium.
1124 369 1294 441 Quandoque
1313 371 1450 443 signidcat
1472 373 1747 447 congratulationem,

106 471 284 529 Psalmista:
300 472 382 525 Petro
395 470 524 540 refugium
537 471 672 538 erinaciis,
686 470 712 526 id
725 479 768 526 est
778 469 906 524 Christus
958 473 989 517 ut
1004 464 1032 517 iu
1048 461 1196 533 Evangelio
1209 481 1215 517 :
1233 462 1319 533 Euge,
1332 480 1404 519 aereo
1416 465 1480 519 horre
1494 474 1519 519 et
1540 466 1637 536 fidelia.
1653 467 1749 536 Quan-

107 564 208 629 matis,
223 572 276 619 ero.
957 554 1047 624 deque
1063 561 1139 608 notat
1152 554 1370 609 exhortationem
1384 564 1434 609 nt:
1452 553 1525 627 Euge
1535 556 1606 628 quod
1622 559 1713 629 [acite

149 653 255 719 Erum,
268 652 380 718 vermis,
395 650 430 705 ab
441 666 515 717 eruo,
530 650 564 717 is,
581 651 645 722 quia
659 650 741 706 llores
756 650 905 704 herbarum
993 643 1112 698 Eoeltere
1131 644 1240 714 proprie
1258 646 1404 702 extrahere.
1421 644 1562 718 Significat
1575 661 1685 720 peccata
1702 653 1751 710 de·

108 745 199 804 eruit.
217 742 323 798 Dicitur
337 741 415 796 radix
428 741 572 810 cujusdem
589 743 682 798 herbae
697 740 811 797 esibilis.
833 738 906 795 Dici·
957 742 1073 801 struerc,
1088 735 1162 790 unde
1175 735 1259 791 lsaias
1274 756 1280 790 :
1296 735 1331 790 th
1344 737 1441 792 evellar
1460 749 1484 793 er
1496 739 1636 810 destrues,
1654 754 1679 798 et
1689 744 1749 800 etr-

110 843 160 889 tur
183 835 309 900 luxuria,
329 833 402 889 unde
419 831 447 886 in
467 831 563 888 loele:
586 831 731 887 Residuum
756 847 843 885 erucoe
862 844 908 883 co·
956 824 1062 893 perdor,
1073 833 1099 878 et
1115 825 1239 895 dissipet,
1252 834 1277 879 et
1288 826 1414 894 edifices,
1429 837 1454 882 et
1466 828 1580 896 pluriter.
1757 817 1760 821 μ

110 923 199 979 medii
214 923 326 978 locuste.
342 921 374 977 Et
386 921 489 977 dicitur
500 934 583 977 eruca
595 921 724 986 luxoria,
747 921 814 990 quia
834 919 907 973 sicut
994 912 1038 968 Eo
1052 912 1218 985 quandoque
1235 923 1312 969 notat
1326 931 1438 971 eausam
1462 921 1641 987 materialem,
1658 926 1750 982 uude:

109 1031 201 1072 eruca
216 1025 295 1071 terrae
319 1015 431 1080 insidet,
450 1014 487 1068 ita
501 1013 610 1069 luxuria
624 1012 699 1068 carni
713 1012 842 1067 adhaeret.
959 1002 1037 1070 0¹⁸⁰‘1
1051 1014 1143 1057 ”alum
1161 1012 1200 1058 θ’(
1212 1018 1245 1058 ex
1255 1021 1334 1059 cimil
1345 1022 1408 1059 0⁰i⁰
1428 1016 1484 1074 ³⁸¹5
1495 1007 1616 1064 Piulsssst
1635 1011 1751 1068 Faenum

150 1106 236 1173 Eser,
250 1106 370 1176 proprie.
385 1104 521 1160 Dicuntur
532 1104 620 1159 sancti
631 1118 694 1159 esca
707 1144 715 1170 ,
730 1104 804 1158 unde
816 1103 844 1158 in
856 1101 907 1159 lob
958 1110 991 1148 θῶ
1007 1094 1135 1159 matrerm
1146 1104 1173 1149 el
1187 1095 1215 1149 iil
1232 1093 1363 1167 Symb⁰l⁰
1391 1116 1399 1151 τ
1419 1096 1509 1154 Natus
1530 1101 1677 1183 erudieris
1696 1107 1751 1160 oir-

110 1196 147 1252 de
161 1196 313 1251 Bclmrnoth
327 1195 438 1265 legitur,
453 1195 480 1250 td
492 1203 534 1249 est
543 1193 705 1260 dediabolo,
719 1194 793 1263 quod
807 1192 908 1248 delica-
958 1184 1029 1255 9¹⁸¹!ss-
1041 1182 1123 1238 Νθῑθῑ
1140 1199 1252 1240 Causam
1275 1185 1449 1256 efficientem·
1468 1190 1539 1245 “nde
1551 1209 1559 1246 ²
1573 1190 1616 1245 Ex
1626 1210 1679 1265 dito
1695 1212 1751 1250 om·

111 1299 158 1344 tas
170 1288 284 1358 quaerit,
299 1287 326 1341 id
339 1296 382 1343 est
394 1296 506 1342 sanctos
521 1285 581 1341 ruit
600 1285 653 1341 sibi
673 1283 862 1355 incorporari;
882 1292 909 1340 ct
958 1274 1016 1340 Μαι
1027 1288 1159 1343 perquem
1171 1276 1272 1341 ‘imulas
1286 1277 1314 1330 5¹¹
1327 1294 1377 1349 41⁸⁰
1390 1281 1492 1346 mitia,
1505 1282 1564 1352 ipse
1575 1291 1617 1338 est
1631 1283 1752 1343 efficiens

112 1382 183 1436 alibi
199 1380 283 1435 David
298 1397 306 1435 ι
321 1379 373 1445 Qui
388 1381 514 1434 devorent
527 1377 629 1449 plebeae
640 1393 724 1432 mecm
738 1378 809 1432 sieut
820 1394 908 1432 escum
959 1378 1054 1418 031153·
1074 1361 1157 1419 Νθῑῧῑ
1174 1365 1326 1438 θΐῑόῑῦθῐΰι
1339 1370 1432 1426 ”ndei
1449 1370 1631 1442 Oladissml'di
1644 1391 1702 1446 Μ’
1718 1393 1752 1432 et>

111 1476 208 1543 punis.
224 1470 360 1528 Dicuntur
371 1471 545 1537 necessaria,
567 1470 640 1525 unde
659 1470 688 1524 in
703 1468 813 1525 Psalmo
829 1486 837 1524 ι
855 1468 909 1536 Qui
959 1471 1004 1510 0'0
1028 1455 1165 1511 Allfiil'mi
1190 1458 1325 1527 immi!
1346 1468 1373 1516 θῑ
1399 1461 1426 1516 Ῑῦ
1460 1461 1591 1535 Sifflb⁰¹⁰
1616 1484 1624 1521 ²
1646 1468 1699 1534 (Μ
1718 1483 1752 1524 2³

112 1565 163 1619 dot
175 1581 264 1620 escum
276 1564 349 1618 omni
360 1564 444 1617 corni.
455 1561 561 1617 Dicitur
570 1561 684 1616 verbum
693 1559 827 1627 (lirinum,
835 1558 909 1614 uude
958 1544 1040 1601 Ρθῑΐθ
1063 1545 1187 1619 Filioque
1212 1552 1345 1619 idmst·
1361 1551 1443 1609 Νθῑθῑ
1464 1571 1576 1612 clusam
1596 1556 1751 1630 s⁰i¹¹i²¹0fflr

113 1654 143 1707 q„
159 1652 273 1708 psalmo
288 1672 294 1707 2
309 1651 362 1717 Qus
377 1652 423 1706 aar
434 1650 562 1721 jumenia
574 1667 662 1705 ,mm
674 1650 810 1719 ipsorum,
825 1649 852 1705 id
865 1657 908 1708 ρει
960 1638 1034 1694 unde
1047 1637 1151 1696 Paulus
1163 1657 1170 1693 ι
1184 1639 1279 1696 luetur
1294 1659 1327 1698 er
1337 1644 1389 1715 fide
1404 1646 1478 1714 uiuit,
1493 1647 1521 1702 id
1532 1657 1575 1704 est
1585 1649 1753 1719 justilicatus

114 1744 293 1814 simplicibus
309 1742 439 1813 pabulum
458 1741 533 1797 serbi
547 1738 643 1796 divini.
665 1739 772 1796 Dicitur
783 1739 910 1810 benigni·
925 1723 947 1780 B
962 1744 997 1785 ⁰¹
1017 1730 1071 1785 fille
1087 1731 1169 1799 liiii,
1191 1735 1295 1790 Scilicet
1314 1737 1371 1792 lili
1388 1748 1508 1808 aelffllii
1525 1739 1592 1798 fides
1605 1754 1648 1797 est
1670 1759 1753 1802 caiisa

115 1813 351 1904 tasdirinaquam
363 1832 553 1889 exhihetDeus
566 1832 789 1896 omnibus,unde
802 1830 908 1886 David:
960 1821 1085 1878 formalis
1100 1839 1157 1880 suae
1171 1825 1386 1895 justificationis.
1408 1828 1491 1886 Notat
1514 1847 1626 1889 causam
1645 1835 1751 1891 instru-

116 1925 200 1983 Oculi
211 1928 329 1981 omnium
340 1926 368 1979 iu
379 1933 528 1994 torperent,
538 1935 564 1978 et
582 1933 610 1978 tu
620 1924 764 1978 durescant
780 1924 909 1994 ipsorum.
960 1914 1108 1969 mentalem
1121 1957 1129 1984 ‚
1142 1918 1214 1973 unde
1226 1919 1345 1975 dicitur:
1361 1921 1404 1975 aa
1419 1939 1514 1979 ueneno
1533 1925 1595 1979 hnic
1612 1927 1676 1981 doto
1697 1929 1751 1982 im-

151 2017 190 2072 Et
211 2018 375 2088 quaudoque
388 2016 497 2085 copulat
514 2013 575 2070 siue
593 2013 800 2079 distributione,
810 2020 859 2067 ut:
874 2009 911 2065 Et
961 2005 1043 2061 minet
1063 2005 1125 2061 huie
1139 2023 1221 2065 mora.
1236 2009 1319 2067 Notat
1329 2027 1441 2068 oausam
1453 2015 1667 2084 occasionalem,
1681 2019 1754 2075 unde

114 2109 206 2165 Pater
217 2119 241 2163 et
254 2107 341 2174 Filius
356 2117 380 2161 et
395 2104 512 2177 Spiritus
528 2115 649 2159 sonetur.
664 2102 837 2174 Quandoque
847 2116 910 2157 cum
961 2097 1111 2170 Apostolus
1125 2098 1432 2176 :Perieutieerpenerm
1445 2104 1753 2179 Judaeieninn,e1quo·

116 2202 364 2269 distributionem
373 2198 732 2265 socrates,erl²torocurrir.
741 2196 791 2253 Est
801 2196 874 2253 euim
885 2203 912 2252 et
961 2205 1024 2246 rum
1036 2207 1152 2262 genere,
1166 2193 1277 2250 luerunt
1290 2198 1399 2254 occasio
1405 2197 1600 2269 periculorum.
1615 2199 1697 2257 Notat
1710 2217 1753 2258 re-

114 2296 303 2351 terminorum
318 2292 457 2363 copulatio
469 2300 497 2347 et
508 2290 729 2347 reidistributio.
740 2289 912 2360 Quandoque
961 2282 1112 2338 motionem
1121 2284 1165 2339 vel
1180 2288 1381 2355 seliiallfflttm
1394 2293 1433 2345 rei
1444 2291 1494 2347 ibt
1505 2307 1553 2358 te»
1564 2292 1638 2347 ”¹¹⁶0
1653 2291 1753 2348 David:

114 2386 234 2457 ponitur
244 2384 403 2452 causarum»,
416 2384 488 2440 unde
499 2383 527 2438 q„
538 2380 650 2437 psalmo
662 2397 670 2436 :
683 2380 861 2453 Comparare,
872 2391 911 2435 egr
962 2368 1007 2424 Eo
1019 2374 1108 2427 usuris
1118 2383 1143 2428 et
1153 2375 1295 2447 iniquitate
1311 2378 1421 2435 redimet
1437 2383 1542 2436 uniatur
1555 2399 1656 2439 eorum.
1673 2383 1754 2441 Notat

115 2477 246 2544 iumentis
270 2473 467 2545 insipientibus,
491 2473 555 2545 quia
570 2474 657 2544 suctus
674 2482 713 2527 est
735 2471 831 2527 similia
844 2470 910 2525 iilis.
961 2465 1109 2520 transitum
1124 2467 1175 2534 rei,
1194 2469 1267 2524 unde
1278 2489 1286 2525 ε
1298 2468 1444 2526 inclinarit
1459 2488 1492 2529 ea
1503 2474 1551 2529 hoc
1565 2476 1593 2529 in
1603 2475 1662 2531 tnnc,
1672 2474 1753 2533 Num

115 2569 291 2638 Quandoque
309 2566 421 2636 copulat
440 2574 563 2632 naturas,
582 2564 655 2620 unde
675 2582 683 2618 ε
706 2561 827 2619 Christus
839 2561 912 2617 Deus
962 2563 1064 2612 sutum
1079 2559 1278 2617 immutationis
1294 2563 1413 2634 alicujus
1428 2565 1486 2631 rei,
1504 2567 1576 2622 uado
1599 2567 1628 2622 iu
1640 2568 1754 2625 Actibus

115 2671 157 2716 eat
173 2671 200 2715 et
219 2660 308 2726 homo,
324 2668 350 2712 et
370 2656 492 2712 Socrates
506 2665 546 2712 eet
561 2655 652 2726 justus
666 2663 691 2710 et
706 2653 799 2708 bouus.
818 2653 912 2722 Quan-
962 2645 1151 2716 apostolorum
1171 2666 1178 2703 τ
1198 2651 1349 2709 Foctuaeat
1371 2672 1405 2711 ea
1427 2654 1511 2712 Soulo
1533 2656 1647 2715 Paulus.
1674 2659 1752 2717 Notat

117 2752 215 2821 doque
230 2758 338 2805 tenetur
352 2748 522 2817 expositive,
538 2746 611 2801 unde
622 2744 731 2802 Marcus
746 2753 774 2800 et
785 2743 910 2812 Tullius;
962 2747 1057 2808 partes
1071 2742 1291 2813 constitutionis,
1308 2747 1380 2802 unde
1390 2748 1419 2804 iu
1436 2747 1565 2821 Symbolo
1589 2751 1734 2808 Athanasii
1746 2772 1760 2826 r,

117 2851 148 2897 et
173 2841 202 2895 iu
223 2840 355 2900 Psalmo:
378 2837 478 2891 Iudico
500 2852 558 2903 me,
589 2835 669 2903 Deus,
686 2845 722 2901 et,
740 2833 768 2889 iu
784 2843 835 2898 est,
854 2833 913 2887 dir·
963 2829 1102 2902 Perfectus
1127 2834 1216 2904 Deua,
1238 2840 1370 2910 perfectus
1394 2840 1470 2896 homo
1496 2857 1529 2897 err
1557 2846 1647 2901 auimo
1672 2848 1752 2903 rotie·

118 2950 209 2988 cerne.
242 2930 413 3000 Quandoque
448 2929 559 2999 copulat
596 2927 733 2999 prolatum
766 2925 912 2996 cogitatio·
963 2922 1031 2991 nuli,
1047 2932 1113 2992 eto,
1135 2926 1163 2982 id
1183 2937 1226 2984 est
1239 2931 1332 2986 divina
1350 2940 1378 2987 et
1392 2932 1513 2992 humana
1531 2944 1629 2995 natura
1651 2941 1752 2998 cousti-

118 3023 167 3085 ui,
183 3031 214 3077 nt
234 3024 262 3076 in
282 3021 416 3092 principio
428 3019 580 3075 Ezechielis
594 3037 601 3073 ε
615 3017 650 3072 Ει
662 3019 764 3089 [aetum
774 3027 812 3072 ert
821 3034 832 3082 ;
843 3026 871 3072 ct
882 3018 910 3071 in
924 3051 946 3108 C
963 3016 1015 3070 tuit
1027 3016 1179 3074 Christum.
1195 3020 1278 3077 Notat
1289 3027 1509 3085 convenientiam
1524 3034 1566 3089 rel
1588 3036 1752 3107 exigentiam

117 3113 233 3170 Psalmo
258 3131 265 3168 :
289 3110 324 3166 Et
343 3112 437 3165 scitote
458 3111 583 3181 quonium
607 3110 760 3178 mirificavit
781 3108 911 3164 Dominus
962 3107 1118 3178 aliquorum
1130 3111 1159 3165 in
1171 3127 1267 3180 noum,
1281 3116 1352 3171 unde
1366 3116 1655 3181 Christusconsratex
1667 3128 1752 3183 tribur

117 3215 244 3263 sonetum
255 3221 342 3259 ruam.
355 3203 424 3258 Cum
438 3202 476 3257 ibi
488 3202 524 3256 sit
535 3201 913 3271 diapsalma‚noncontinua·
963 3199 1136 3267 substantiis,
1148 3201 1176 3256 id
1187 3211 1230 3257 est
1241 3203 1333 3259 diuina
1347 3216 1457 3277 natura,
1472 3225 1589 3280 corpore
1604 3222 1631 3268 et
1645 3215 1753 3283 anima,

118 3308 166 3354 tur
181 3295 334 3369 praemisso,
353 3293 400 3350 sed
415 3293 507 3365 potius
518 3291 543 3348 ei
562 3292 636 3362 quod
648 3290 794 3348 Psalmista
805 3294 912 3348 rerela·
962 3287 990 3342 id
1023 3299 1066 3344 est
1104 3299 1159 3346 tres
1196 3294 1357 3355 substantiae
1386 3300 1552 3355 conveniunt
1590 3302 1624 3357 ad
1662 3304 1754 3361 bocut

117 3395 199 3445 verat
211 3389 242 3443 in
259 3394 350 3441 mente
363 3384 396 3440 de
410 3384 532 3439 Christo.
549 3381 720 3453 Quandoque
733 3391 810 3438 notat
822 3382 911 3438 diuer-
962 3379 998 3434 sit
1015 3378 1163 3451 Christus3
1179 3383 1272 3439 divina
1292 3394 1391 3443 natura
1408 3405 1463 3444 non
1476 3400 1535 3446 erat
1550 3407 1612 3462 pars
1632 3392 1753 3466 Christi,

118 3479 230 3536 sitalem
246 3489 445 3548 personarum,
458 3474 529 3528 utin
542 3473 688 3545 Evangelio
702 3493 708 3528 :
723 3474 775 3539 Qui
788 3473 856 3529 uidet
872 3488 913 3527 me
962 3469 1010 3525 sed
1038 3470 1174 3532 Christus.
1195 3473 1305 3532 Nullum
1330 3481 1404 3534 enirn
1430 3491 1518 3537 torum
1543 3495 1587 3538 cst
1606 3499 1656 3539 sua
1678 3502 1752 3556 pars.

117 3569 191 3624 uidet
203 3576 228 3620 et
243 3564 372 3628 Putrem·
387 3562 460 3633 quod
469 3562 581 3632 ponitur
592 3562 626 3617 ad
640 3563 802 3633 signandum
822 3564 912 3617 unita-
963 3559 1095 3619 Simihter
1123 3581 1173 3621 nec
1201 3567 1322 3624 hnmana
1348 3580 1457 3627 natura.
1484 3574 1624 3646 Alioquin,
1652 3585 1683 3631 ut
1709 3580 1754 3634 di-

118 3671 176 3717 tem
203 3657 329 3712 essentiae
348 3664 375 3710 ct
398 3654 431 3709 ad
455 3653 626 3723 probandum
648 3654 831 3724 pluralitatem
850 3668 912 3723 per·
961 3656 1000 3708 cit
1010 3654 1201 3725 Augustinus:
1218 3656 1341 3716 Christus
1362 3665 1443 3718 creuit
1457 3681 1517 3720 eum
1542 3667 1567 3721 ei
1582 3670 1753 3725 accersitio-

117 3766 208 3813 sonae,
221 3749 284 3818 quia
298 3747 320 3802 si
336 3746 494 3801 diceretur:
511 3743 564 3809 Qui
578 3744 650 3797 uidet
665 3759 705 3797 me
720 3743 788 3797 uidet
802 3743 911 3797 Putrem
962 3762 1043 3814 muna
1053 3757 1162 3804 reaturo.
1178 3749 1273 3807 Simile
1286 3753 1419 3811 habemus
1435 3757 1464 3810 iu
1480 3757 1639 3831 Porphyrio,
1651 3763 1698 3818 ubi
1712 3747 1758 3819 di·'

118 3858 219 3904 meum,
237 3838 373 3893 rideretur
387 3836 482 3891 eadem
495 3849 613 3905 persona
631 3834 719 3888 Patris
730 3837 759 3887 'et
771 3832 843 3899 Filii,
855 3834 910 3890 sic·
962 3834 1001 3891 eit
1017 3837 1091 3906 quod
1114 3846 1203 3894 statua
1219 3853 1328 3897 constat
1345 3859 1380 3899 cx
1402 3848 1515 3902 materia
1530 3860 1557 3905 et
1576 3851 1682 3920 lorma;
1698 3870 1752 3912 rron

119 3936 195 3990 utile
205 3931 280 3987 Deo:
303 3930 357 3995 Qui
373 3929 442 3984 uidet
463 3943 504 3981 rue
520 3927 588 3981 uidet
603 3924 721 3990 Filium,
747 3927 912 3995 quaudoque
962 3926 1036 3981 enim
1063 3930 1180 3986 materia
1206 3940 1235 3986 et
1257 3931 1346 3990 dorma
1370 3946 1436 3991 sunt
1460 3947 1553 4009 partes
1570 3946 1753 4004 constitutivas

119 4027 249 4080 edoctum
265 4022 314 4088 rei,
331 4031 381 4076 ut:
398 4019 471 4074 Deua
485 4029 523 4072 ert
537 4018 625 4083 iustus
637 4026 662 4071 et
673 4016 766 4082 bonus,
780 4018 807 4073 id
819 4027 861 4073 est
872 4018 912 4073 el·
963 4028 1081 4088 statuae,
1095 4021 1143 4076 sed
1163 4023 1310 4094 exiguntur
1330 4027 1366 4082 ad
1390 4028 1547 4101 eierasse,
1573 4048 1611 4089 ees
1621 4037 1695 4092 euim
1711 4050 1753 4098 cst

120 4118 218 4172 licit-oa
230 4129 313 4169 cansa
324 4112 438 4182 justitiae
451 4119 478 4165 et
495 4109 647 4174 honitatis,
668 4120 721 4165 etc.
743 4107 913 4181 Quandoque
962 4114 1080 4169 materia
1095 4124 1231 4171 statueret
1244 4117 1304 4188 ipsa
1319 4128 1419 4175 statua.

120 4222 236 4264 causam
251 4221 314 4260 cum
328 4204 425 4259 edoctu
437 4244 445 4270 ,
459 4210 491 4258 ut
507 4220 515 4257 ε
531 4201 683 4257 Misericors
698 4213 797 4258 notura
817 4211 843 4256 et
861 4204 913 4257 mi·
998 4204 1157 4283 Eoeiudere,
1172 4210 1292 4278 proprie,
1307 4212 1489 4282 mortificatum,
1501 4217 1572 4273 unde
1582 4216 1666 4276 David
1678 4239 1685 4276 :
1695 4220 1753 4276 Ep.

120 4308 226 4355 aerotor
246 4297 352 4365 efferto,
375 4296 418 4349 rel
437 4303 527 4366 potest
541 4295 626 4349 teneri
641 4293 814 4349 distributive
827 4303 854 4348 et
866 4309 912 4349 re·
963 4296 1058 4350 eludes
1079 4314 1122 4353 eor
1141 4300 1186 4371 qui
1204 4301 1310 4370 probati
1332 4313 1394 4357 sunt
1416 4315 1542 4376 urgento,
1559 4309 1587 4365 id
1606 4319 1648 4367 est
1662 4315 1752 4369 maui-

121 4401 229 4462 petetur
242 4390 304 4444 sic:
321 4388 356 4443 Et
373 4389 521 4442 misericors
536 4398 561 4442 et
577 4388 726 4441 miserator.
741 4377 1047 4457 QuandoqueDiestes
1066 4390 1194 4446 doctores
1226 4393 1273 4462 qui
1298 4395 1405 4462 probati
1430 4408 1497 4454 suut
1527 4400 1637 4471 eloquio
1666 4420 1752 4463 sacrae

122 4492 200 4538 notat
214 4482 338 4536 diversos
352 4494 435 4546 usus,
449 4478 521 4533 unde
535 4478 635 4534 Paulus
649 4494 656 4531 ι
672 4478 695 4533 D
709 4477 825 4531 altitudo
843 4478 912 4532 dini·
963 4479 1205 4551 Scripturae,quod
1218 4482 1252 4539 dr
1264 4493 1386 4556 tempore
1399 4489 1602 4562 lraereticorum,
1611 4496 1676 4566 quia
1687 4506 1752 4557 tuuc

124 4577 223 4628 tiorum
240 4574 380 4644 sapientia·
395 4580 420 4625 et
440 4569 558 4624 scientim
572 4569 640 4623 Dei!
660 4569 798 4639 Sapientia
812 4569 912 4624 dicitur
962 4571 1176 4629 manifestantur
1184 4575 1249 4630 boui
1264 4577 1373 4647 clerici;
1389 4595 1438 4650 per
1456 4595 1598 4652 argentum
1612 4590 1752 4660 eloquium

123 4676 237 4735 propter
257 4664 379 4719 coelestia
402 4677 463 4732 quae
475 4669 539 4717 sunt
559 4659 620 4730 ejus
640 4660 745 4715 notitiae
768 4659 910 4730 subjectu
962 4664 1134 4736 intelligitur,
1147 4667 1226 4737 juxta
1240 4669 1306 4726 illud
1322 4669 1473 4732 Psalmistre
1485 4695 1492 4731 ι
1503 4677 1616 4750 Eloquia
1629 4682 1750 4751 Douriui,

126 4757 239 4811 scientia
254 4767 366 4827 propter
382 4765 501 4809 terrena.
521 4751 660 4822 Sapientia
672 4760 699 4806 et
712 4751 825 4806 scientia
840 4751 912 4806 idem
962 4755 1067 4825 eloquio
1103 4769 1195 4825 costo,
1221 4774 1359 4831 argentum
1380 4766 1438 4835 igne
1463 4770 1655 4828 erenrinotam.
1682 4773 1751 4831 Nota

125 4846 160 4903 de.
174 4846 230 4902 Deo
242 4847 434 4916 praedicantur.
457 4843 628 4912 Quandoque
643 4851 722 4897 notat
736 4843 868 4898 vocabula
885 4853 913 4898 et
962 4848 1047 4919 igitur
1059 4851 1132 4920 quod
1147 4853 1260 4920 ponitur
1270 4855 1409 4909 eoelrrdere
1423 4872 1473 4926 pro
1490 4862 1670 4930 aturriseatnre,
1687 4865 1751 4931 quia

125 4951 181 4993 raon
204 4938 400 4991 vocabulorum
425 4933 660 5006 significationes,
696 4934 769 4989 uude
801 4933 912 4989 Boetius
962 4954 1013 5009 per
1033 4940 1187 5011 aliquarum
1211 4958 1303 5000 rerum
1333 4927 1520 5004 reclusionem
1543 4950 1752 5020 manifestantur¹

126 5031 154 5086 iu
168 5031 215 5085 lib.
232 5029 267 5082 De
278 5027 374 5081 Trinit.
394 5045 400 5081 ι
422 5026 528 5096 liumus
541 5035 566 5079 et
583 5024 687 5078 Tullius
700 5034 762 5079 soret
779 5027 848 5080 mem
862 5043 913 5081 au·
963 5032 1008 5086 illa
1020 5047 1082 5102 quae
1095 5034 1173 5102 prius
1187 5034 1216 5088 in
1232 5035 1347 5091 materia
1361 5038 1492 5105 latebant,
1505 5050 1532 5095 et
1544 5040 1607 5094 inde
1621 5042 1752 5100 dicuntur

127 5139 207 5182 antero,
228 5123 321 5174 callem
343 5111 550 5188 rationehusset
566 5116 619 5172 dici
638 5135 646 5171 ε
663 5115 772 5172 hiereos
786 5129 824 5173 ert
842 5119 913 5173 idem
962 5124 1121 5181 exclusores
1138 5127 1281 5197 aurifabri,
1296 5132 1405 5200 proprie
1431 5132 1470 5186 gg
1498 5133 1545 5201 quq
1571 5134 1701 5204 imgngs
1722 5140 1750 5194 in

128 5213 234 5276 lartio,
258 5211 299 5263 vol
311 5218 349 5261 est
366 5209 462 5275 [ortior
480 5208 588 5277 Tullio,
609 5208 657 5265 sed
676 5210 827 5280 incongrue
839 5210 914 5266 dice·
963 5217 1045 5289 lignis
1058 5218 1103 5273 uel
1117 5218 1253 5289 lapidibus
1273 5237 1323 5293 per
1340 5223 1519 5279 arrideiosarn
1533 5226 1749 5292 subtractionem

127 5319 169 5362 tur
186 5328 192 5362 :
213 5307 319 5358 llurcur
333 5310 371 5356 eat
388 5301 455 5354 idem
472 5301 574 5369 Murco,
588 5304 630 5357 uel
644 5311 683 5357 est
694 5303 792 5373 sortior
806 5302 910 5358 dioreo.
963 5307 1099 5376 sculpant.

164 5400 235 5466 liupr
256 5396 420 5466 animataque
445 5405 518 5447 notat
544 5395 717 5460 irrisionem,
746 5398 912 5467 quandoque
1000 5396 1141 5466 Excutere,
1152 5403 1272 5471 proprie.
1290 5403 1520 5475 signarareniaii
1541 5417 1651 5476 peccato
1666 5411 1750 5466 absti-

128 5500 143 5543 ι.
155 5489 475 5548 straturarlnlazionemut
486 5486 910 5559 inhocexemplopotestnotari:
964 5506 1030 5547 nere
1044 5492 1086 5546 rel
1101 5508 1214 5574 carere,
1230 5496 1302 5550 uirile
1317 5497 1342 5549 in
1365 5495 1534 5566 lirarrgelio:
1551 5498 1675 5555 Euenum
1693 5504 1750 5574 pot·
1843 5498 1845 5502 ’

128 5582 333 5649 Corrl'unduntur
354 5594 442 5632 orrares
457 5578 502 5649 qui
522 5578 614 5633 dicunt
628 5582 692 5636 mihi
704 5600 713 5638 .·
724 5581 815 5654 Euge,
829 5600 912 5654 euqe,·
964 5599 1049 5638 uercut
1064 5583 1096 5638 de
1113 5583 1223 5654 peditus
1238 5587 1343 5654 uestris,
1361 5588 1388 5643 id
1400 5600 1441 5643 est
1456 5590 1483 5643 in
1496 5594 1688 5660 praedicatione
1704 5611 1750 5650 ve-

128 5675 244 5750 prunum
263 5691 327 5745 rupe
341 5681 384 5732 est
397 5670 553 5728 irrisorium
563 5708 572 5741 ,
597 5675 746 5733 secundum
764 5691 831 5737 reru
842 5678 913 5735 adu·
965 5682 1022 5732 stre
1038 5672 1143 5733 debetis
1163 5690 1262 5734 carere
1283 5693 1385 5737 arana
1408 5679 1506 5754 gloria.
1521 5683 1611 5762 Aliqui
1629 5697 1691 5745 runt
1704 5688 1750 5767 gui
