3992 6042
527 278 789 345 nrsrrncrtonas
807 271 996 334 aturroaun
1019 268 1144 326 aranon.
1159 246 1195 309 L
1219 259 1374 324 cun-cur
1681 251 1744 309 rsa

111 302 169 363 ‘lat

111 417 225 472 tenetur
236 383 401 481 copulative,
420 385 453 460 'ut
472 402 558 459 :cam
574 401 696 457 Socrates
710 399 804 464 currit,
820 394 900 449 Plato
917 395 1052 456 Acastus,
1069 387 1095 443 id
1110 395 1152 442 est
1164 383 1319 440 demiseris
1331 376 1556 446 nostra,oDeua.
1569 374 1638 434 Cata
1650 370 1737 432 ladoei

112 505 255 576 disputan
272 503 353 572 ipitnr
365 499 488 554 Socrates
504 495 587 549 currit
602 502 627 547 et
642 492 722 546 Pluto
733 490 862 559 disputat.

953 482 1009 539 siat
1023 496 1039 535 a
1052 478 1207 549 captivitate
1220 473 1326 530 liberati
1340 489 1355 528 a
1371 471 1505 535 Domino,
1520 468 1567 539 qui
1588 474 1682 523 custos
1695 473 1738 520 est

153 595 269 659 Cuneus,
281 591 400 662 proprie,
412 587 616 658 prophetarum,
628 583 701 638 ande
712 583 739 636 ia
751 582 798 636 lib.
812 580 877 650 lleg.
891 597 899 634 ε
951 571 1104 627 bominum.
1129 567 1200 634 Quid
1215 564 1369 636 disposuisti
1380 563 1497 617 deuocte
1508 560 1609 615 lidest
1620 557 1737 660 derecta

112 684 222 742 Cuneus
249 683 436 754 prophetarum
458 678 527 734 uenit
545 677 648 731 obuiam
669 674 769 729 Eliseo.
797 671 901 727 Dicitur
952 663 1116 732 captivitate.
1129 655 1504 727 Quibusrespumlitcastos:
1522 651 1597 706 Venit
1610 648 1739 715 menard

113 778 189 834 acies
201 778 227 831 in
246 774 332 837 bello,
347 771 419 826 unde
440 769 467 824 ia
482 767 542 822 Vita
557 766 644 822 sancti
660 763 768 818 biartini
783 781 789 816 :
804 762 901 831 Dispo-
951 766 993 811 εει
1012 753 1138 808 liberatio
1161 759 1262 816 restra,
1275 758 1300 802 et
1318 763 1370 801 noa
1389 744 1555 814 captiuitatis
1569 740 1681 797 recedit.
1706 735 1739 794 Si

112 868 169 922 snit
182 867 318 926 canosum
333 862 410 926 acics
421 868 448 916 et
459 858 524 914 alibi
541 877 548 913 ε
566 855 691 911 Hostium
709 870 802 909 cuneos
823 870 901 924 pene·
951 846 1071 917 querius
1097 858 1144 913 per
1167 842 1313 897 clamorem
1327 879 1334 903 ,
1349 837 1461 907 querite
1479 849 1527 904 per
1539 830 1712 888 devotionem
1729 845 1737 883 a

113 956 194 1010 trabe
207 970 326 1009 securus.
342 952 375 1007 Et
389 951 491 1008 dicitur
504 964 608 1005 cuneus
622 947 726 1003 ratione
742 946 901 1002 similituut-
952 937 1135 994 convertimini
1152 950 1199 1004 per
1214 932 1293 987 lldem
1309 939 1333 985 et
1352 931 1436 985 uenite
1457 927 1619 998 perbonam
1641 936 1740 993 opera·

110 1048 179 1117 nis;
194 1054 235 1102 est
248 1045 320 1100 caim
333 1058 437 1099 cuneus
455 1043 527 1098 intus
545 1054 560 1094 a
575 1039 709 1108 superiori
725 1046 820 1108 parte,
836 1052 902 1092 acu·
953 1031 1064 1086 tionem.
1080 1027 1129 1083 Vel
1143 1034 1231 1097 potest
1247 1023 1361 1093 intelligi
1375 1023 1408 1077 dc
1423 1019 1548 1091 patribus
1561 1015 1667 1072 Veteris
1687 1011 1740 1074 Te·

111 1143 160 1192 tus
173 1133 365 1199 abinieriori,
381 1139 409 1186 ct
424 1132 464 1186 sic
479 1131 507 1184 in
523 1128 617 1184 cuneis
635 1128 773 1193 acierum,
792 1141 853 1180 nam
873 1125 900 1179 ia
952 1119 1078 1174 stamenti
1103 1117 1150 1188 qui
1174 1126 1252 1170 erant
1280 1114 1308 1168 in
1334 1127 1382 1167 ara
1408 1110 1507 1164 inierai
1534 1104 1737 1163 clamantibus:

111 1242 232 1298 persona
246 1225 306 1297 (sic)
321 1234 398 1294 parte
413 1223 533 1292 ponitur.
952 1209 1059 1273 Custos,
1078 1208 1141 1279 qaid
1153 1208 1184 1261 de
1196 1207 1291 1260 nocte?
1305 1205 1382 1259 idest
1395 1198 1569 1271 quideritde
1584 1205 1678 1252 nostra
1689 1193 1742 1248 rui·

150 1315 207 1372 Cur
226 1324 304 1371 notat
320 1314 467 1383 aliquando
483 1312 590 1367 filialem
604 1327 716 1367 causam
735 1310 777 1364 rel
790 1309 901 1364 retiari·
952 1301 1041 1357 seria?
1055 1299 1204 1369 llesposstill
1217 1307 1309 1354 custos
1325 1316 1331 1350 ²
1348 1294 1423 1349 Velm
1435 1307 1510 1345 mim
1520 1301 1628 1359 “²¹¹¹Pssii
1638 1286 1740 1375 lllfssffl·

112 1406 246 1472 nativam,
262 1404 334 1459 unde
346 1404 462 1474 gloriosa
478 1402 560 1474 Virgo
575 1402 739 1457 materFilio
755 1418 805 1457 suo
816 1420 822 1455 :
833 1400 899 1467 Fili,
951 1397 1045 1462 tionis,
1062 1397 1087 1450 al
1099 1403 1141 1450 est
1151 1406 1258 1463 ternpus
1270 1391 1373 1463 gratim,
1390 1389 1458 1459 sapit
1473 1402 1525 1440 noc
1543 1385 1638 1454 cralpaa,
1653 1395 1741 1452 pueaae

113 1512 164 1552 cnr
178 1496 221 1551 rel
233 1495 299 1565 quid
312 1495 399 1565 fecisti
411 1493 485 1547 nolis
499 1494 559 1548 sic?
573 1503 599 1548 ct
615 1494 641 1548 in
652 1491 703 1548 lob
717 1511 723 1547 :
739 1492 794 1547 Cur
805 1492 901 1562 sociem
952 1499 978 1545 ct
994 1488 1165 1561 ignorantiae.
1182 1485 1212 1541 Si
1223 1484 1342 1556 qnaeritis
1363 1499 1421 1547 ore,
1435 1481 1546 1551 quaerite
1562 1477 1644 1532 corde
1658 1493 1664 1530 :
1681 1490 1742 1527 con·

113 1582 900 1653 tuamabscondilenaadoquenatatcausamimpulsivam
951 1582 1084 1638 coutimini
1097 1591 1122 1636 ει
1136 1581 1228 1636 uenite.
1251 1577 1356 1632 Dicitur
1372 1577 1454 1629 etiarn
1471 1572 1535 1627 alibi
1549 1569 1675 1625 Christus
1689 1582 1740 1622 cu·

109 1691 175 1746 quae
188 1676 269 1730 alicui
287 1675 433 1740 contenit,
450 1674 522 1728 uude
538 1672 669 1728 Dominus
685 1691 692 1727 ;
713 1672 822 1739 Mulier,
836 1673 901 1744 qnid
952 1684 1020 1741 stus,
1035 1673 1108 1729 unde
1121 1673 1148 1728 in
1160 1669 1308 1741 Euangelio
1322 1668 1423 1722 dictum
1437 1672 1478 1721 est
1488 1663 1512 1718 ei
1527 1679 1535 1718 ι
1552 1659 1739 1716 Santaritaaus

109 1765 224 1836 ploras?
237 1752 326 1821 causa
349 1764 494 1835 impulsiva
522 1773 564 1819 est
588 1780 641 1835 qua
663 1764 737 1819 aliud
759 1765 900 1820 subitanee
951 1782 978 1819 es
990 1775 1019 1818 tu
1031 1773 1056 1818 ει
1067 1763 1226 1817 doemonium
1238 1759 1327 1821 bobes,
1342 1756 1413 1811 ande
1424 1754 1564 1811 consensit
1575 1766 1605 1807 εε
1618 1766 1679 1806 εεεε
1690 1747 1741 1802 Su·

109 1855 159 1922 at,
175 1865 205 1910 ut
226 1857 390 1911 verecualia
418 1871 500 1910 rausa
515 1863 557 1910 est
572 1855 693 1921 ruboris,
709 1855 826 1921 timoris,
842 1855 901 1925 pal·
952 1859 1129 1922 marturum,
1147 1856 1219 1925 quon
1233 1855 1428 1921 itinerpretamr
1441 1855 1538 1902 costas.
1552 1844 1656 1899 Dicitur
1671 1855 1741 1911 proe-

110 1946 199 2013 loris;
228 1951 298 2001 uude
323 1947 423 2002 dicitur
442 1964 449 2001 ι
469 1945 524 2001 Cur
537 1945 620 2016 pallet
636 1946 707 1999 iste?
732 1945 901 2015 Quandoque
952 1948 1024 2004 latus
1038 1947 1185 2012 Ecclesiae,
1201 1946 1273 1998 unde
1289 1944 1316 1998 in
1331 1943 1409 1998 Catil.
1430 1939 1556 1994 amaris:
1579 1935 1741 1991 intrauerunt

109 2048 189 2093 aetat
205 2041 413 2107 auctoritatem,
438 2040 510 2093 uada
533 2038 561 2092 in
586 2037 751 2108 Erangdio:
769 2038 824 2093 Cur
839 2056 900 2108 erpo
951 2039 1120 2094 mecastodes
1131 2037 1257 2101 ciuitatis,
1267 2035 1293 2089 irl
1304 2043 1347 2090 εει
1357 2032 1497 2096 Ecclesiae,
1507 2043 1570 2085 cum
1588 2041 1740 2097 quaererem

108 2125 244 2197 ballistam
266 2128 289 2181 ⁸5
305 2144 391 2182 nolles
409 2127 531 2182 Christro
552 2143 632 2197 neque
650 2128 795 2198 propbeta,
817 2128 903 2186 idest
951 2132 1080 2188 dilectum
1097 2143 1200 2184 aueum.
1214 2125 1318 2181 Dicitur
1330 2124 1453 2195 angelus,
1471 2120 1543 2178 unde
1557 2118 1664 2174 isaias:
1685 2116 1740 2173 Su-

109 2232 166 2287 qua
180 2217 343 2273 auctoritate
358 2218 400 2273 rel
412 2219 635 2288 praesumptione.
951 2240 997 2294 per
1005 2238 1094 2276 usuros
1106 2230 1164 2274 tuos
1171 2218 1297 2273 constitui
1303 2216 1435 2271 custodes.
1445 2213 1547 2268 Praecst
1555 2212 1669 2281 angelus
1677 2224 1741 2266 cus-

147 2305 249 2360 Curare
270 2315 348 2363 notat
368 2323 462 2362 curam
484 2315 510 2362 et
534 2309 768 2377 sollicitudinem,
785 2310 857 2366 unde
872 2310 900 2367 ia
951 2321 995 2374 tos
1011 2310 1160 2381 provinciae
1174 2309 1279 2364 ciritati
1296 2306 1486 2371 imminutam
1498 2302 1578 2358 slede
1591 2300 1738 2357 similibus.

109 2395 280 2470 Evangelio:
297 2397 390 2453 Nolite
410 2416 504 2455 curare
525 2403 557 2455 de
581 2403 709 2456 crastino.
732 2402 901 2473 Quandoque
986 2401 1073 2466 Cutis,
1087 2402 1206 2470 proprie.
1223 2399 1328 2454 Dicitur
1338 2396 1465 2452 mollities
1478 2393 1655 2457 intirmitatis,
1668 2389 1740 2447 uude

109 2499 188 2545 notat
201 2490 369 2546 curationem
386 2502 413 2547 et
428 2493 609 2559 sanationem,
621 2495 694 2549 uude
708 2493 841 2550 Dominus
853 2510 900 2564 per
951 2495 977 2550 in
988 2494 1089 2554 Tbrcn.
1100 2490 1301 2560 parleremiam
1312 2490 1346 2544 de
1357 2486 1493 2541 Nazaraeis
1507 2485 1626 2541 dicitart
1642 2484 1740 2537 Adiece-

108 2580 273 2652 prophetam
289 2600 296 2636 ι
315 2581 414 2638 Curari
427 2581 586 2652 Babylonem
601 2626 608 2649 ,
621 2594 646 2638 ει
660 2601 711 2638 tran
728 2593 767 2637 εει
785 2594 900 2651 eurota,
949 2587 984 2638 sit
1004 2585 1072 2639 entis
1088 2600 1179 2638 conum
1193 2582 1312 2646 assibus,
1330 2580 1418 2642 uruit,
1434 2586 1458 2631 el
1471 2577 1544 2647 [acto
1558 2583 1596 2631 cst
1612 2576 1689 2644 qnasi
1703 2575 1739 2636 li-

109 2672 139 2728 id
152 2683 195 2728 cst
209 2675 243 2728 de
263 2674 425 2729 curantibus
444 2675 512 2729 nibil
535 2675 615 2730 onrisi
640 2684 775 2745 quantum
798 2675 832 2729 ad
845 2690 898 2743 are,
950 2691 1030 2747 purum
1044 2691 1053 2730 .·
1068 2691 1115 2746 per
1126 2690 1189 2730 ossa
1200 2673 1302 2728 duritia
1315 2670 1492 2736 fortitudinis,
1507 2684 1556 2738 per
1569 2675 1657 2727 catera
1670 2667 1740 2720 taol-

110 2779 163 2820 nec
179 2775 270 2821 tamea
286 2778 328 2823 est
342 2777 448 2822 curata.
467 2767 500 2822 Et
515 2769 555 2823 sic
567 2768 603 2822 ibi
616 2777 691 2823 notat
705 2784 799 2824 curam
815 2777 841 2822 et
856 2768 898 2821 di·
949 2770 1021 2825 lities
1033 2768 1124 2824 carnis
1135 2767 1305 2836 exprimitur.
1318 2764 1394 2819 Cutis
1405 2777 1469 2833 ergo
1479 2762 1619 2816 adlraerere
1629 2759 1740 2815 ossibus

109 2857 250 2928 ligantiam
266 2859 410 2926 medentis,
428 2868 456 2913 ut
468 2874 565 2914 serrsus
580 2860 638 2914 sit:
660 2859 758 2914 Curam
770 2859 897 2925 adtribui,
949 2861 1060 2923 dicitur,
1085 2861 1149 2929 quia
1173 2858 1207 2912 ab
1229 2858 1269 2913 eis
1293 2872 1376 2925 praru
1396 2853 1577 2909 sentientibus
1593 2851 1739 2908 intirmitas

108 2966 163 3006 nort
190 2961 276 3006 tannen
298 2955 399 3008 curaui.
418 2951 513 3024 Signat
536 2969 661 3023 purpure,
684 2953 756 3007 riarde
773 2952 896 3007 dicitur:
949 2955 1008 3008 sitii
1021 2953 1123 3007 duritia
1134 2950 1243 3005 rirtutis
1257 2955 1379 3018 putatur.
1397 2946 1505 3001 lnlnma
1518 2945 1590 3000 cuim
1603 2952 1667 3001 suut
1678 2959 1740 3012 quae

109 3040 183 3099 Cara
195 3044 323 3110 triticum,
338 3059 403 3096 cnro
416 3043 533 3097 dentum.
912 3071 933 3129 c
949 3037 1484 3107 iaciant,secnmlumelationistidaciam
1494 3038 1611 3107 decepti,
1621 3035 1744 3104 sortibus

147 3138 275 3206 Currere,
286 3139 405 3209 proprie,
416 3138 487 3193 uude
499 3138 525 3192 ia
537 3137 685 3207 Evangelio
699 3154 707 3191 t
720 3134 836 3190 loannes
853 3154 899 3190 cu·
950 3151 981 3189 ea
993 3133 1197 3203 suspicionibus
1213 3132 1341 3201 jungunt.
1356 3128 1390 3184 Et
1403 3144 1458 3199 quo
1473 3130 1507 3183 de
1522 3144 1551 3183 se
1565 3134 1739 3198 magnaean-

108 3234 197 3296 currit
206 3231 286 3284 citius
297 3230 388 3286 Petro.
405 3231 547 3301 Significat
558 3229 674 3284 transire
685 3229 804 3283 studium
817 3228 900 3298 liujus
950 3227 1022 3281 liunt
1037 3240 1120 3290 eaeo
1139 3225 1173 3279 ab
1187 3239 1217 3276 so
1232 3221 1382 3291 nequitiam
1398 3221 1537 3276 emendari
1546 3226 1737 3284 contemnant,

108 3324 184 3390 aitae,
200 3324 272 3379 unde
285 3323 453 3394 Apostolus:
471 3320 515 3380 Sic
525 3322 625 3376 currite
638 3321 809 3392 perstudium
819 3320 898 3388 injus
951 3318 1024 3372 uude
1047 3315 1192 3386 sequitur:
1209 3313 1308 3372 riruit,
1328 3322 1352 3366 et
1371 3312 1446 3381 sacto
1466 3319 1504 3365 εει
1521 3311 1597 3381 quusi
1618 3310 1739 3381 liquam·

107 3414 215 3486 oitaeut
229 3414 456 3484 cornprelrendatis
471 3412 590 3467 bronium
603 3415 789 3468 reteraoecitce.
807 3411 899 3477 Quaa-
950 3409 1030 3478 canipa
1053 3408 1153 3478 quippe
1176 3420 1271 3461 eorum
1295 3413 1371 3458 tanto
1394 3403 1581 3458 insensibilior
1604 3401 1736 3468 redditur,

108 3502 202 3574 doque
213 3511 290 3575 nota-t
302 3503 433 3571 impetum
447 3510 473 3555 ct
483 3500 693 3554 sollicitudinem
705 3500 775 3554 male
790 3498 897 3571 agendi,
950 3509 1053 3573 quantu
1074 3498 1146 3570 apud
1168 3513 1216 3553 eos
1231 3496 1376 3551 laudabilis
1389 3494 1514 3549 babetur.
1536 3492 1641 3548 Dicitur
1655 3494 1739 3548 eliam

108 3593 184 3652 uude
196 3593 223 3646 in
238 3592 348 3647 Psalmo
365 3610 372 3645 z
390 3590 420 3645 Si
431 3591 536 3645 ridebas
547 3592 643 3662 furem,
654 3592 777 3643 currebas
789 3607 847 3643 cnm
856 3607 896 3646 eo.
949 3601 1091 3663 peceatum
1105 3589 1218 3655 carnis,
1235 3588 1307 3644 unde
1318 3585 1370 3641 lob
1382 3586 1408 3640 iu
1424 3601 1540 3655 persona
1557 3585 1715 3656 poeaitentis
1728 3603 1737 3641 a

146 3683 259 3748 Currus,
272 3683 394 3754 proprie,
407 3683 533 3752 voluptas
547 3682 652 3747 saeculi,
665 3683 707 3736 rel
718 3697 786 3744 rana
801 3684 897 3752 gloria,
951 3684 1065 3739 Sacram
1088 3683 1181 3738 consui
1194 3696 1273 3752 anper
1286 3689 1372 3734 cutem
1393 3695 1476 3732 meam
1488 3718 1495 3742 ,
1508 3686 1533 3731 et
1548 3679 1638 3747 operiri
1652 3677 1738 3731 cinere

107 3774 152 3848 rel
166 3789 266 3846 pompa
281 3774 440 3837 saecularis,
458 3773 531 3827 uude
546 3773 572 3827 la
588 3772 698 3827 Psalmo
713 3790 720 3826 :
738 3770 775 3825 lli
795 3774 822 3826 in
838 3790 898 3826 cur·
950 3791 1055 3828 carnem
1068 3790 1153 3827 ineam
1166 3790 1175 3822 .·
1190 3787 1238 3842 per
1252 3786 1361 3826 saccum
1380 3780 1406 3824 ct
1421 3770 1540 3824 cinerem
1555 3770 1737 3839 poennitentia,

109 3864 184 3919 riiats
197 3873 223 3918 ει
233 3864 261 3918 iri
272 3865 298 3918 in
308 3865 392 3935 equis.
409 3862 813 3927 Diciturcaercitasbonorum,
826 3863 898 3918 unde
950 3880 998 3934 per
1012 3868 1102 3917 catera
1118 3870 1145 3914 et
1166 3876 1276 3914 carnem
1291 3868 1433 3929 peccatam
1456 3859 1548 3913 carnis
1567 3860 1735 3930 intelligitur.

110 3955 139 4025 ln
160 3954 293 4011 Psalmo:
312 3956 414 4010 Curras
431 3954 479 4008 Dei
500 3955 587 4022 decern
609 3952 729 4007 millibus
747 3952 897 4021 multiplea.
949 3952 1019 4007 Cani
1039 3950 1229 4021 eranquidam
1245 3958 1307 4020 post
1322 3950 1428 4019 lapsum
1448 3949 1539 4004 carnis
1554 3948 1587 4002 ad
1603 3951 1739 4019 poerriten·

110 4046 217 4103 Dicitur
230 4057 382 4104 concentus
395 4046 548 4108 malorum,
567 4046 638 4099 ualle
649 4045 676 4097 in
693 4045 793 4099 Carra:
815 4043 898 4113 Equi·
951 4042 1016 4097 tiam
1032 4043 1158 4106 redeant,
1174 4039 1250 4109 quasi
1267 4053 1365 4094 saccus
1379 4053 1462 4108 super
1477 4047 1568 4094 cutem
1582 4041 1736 4106 consuitur,

110 4140 182 4195 totui
195 4156 250 4193 aneo
264 4137 425 4192 incurritur
440 4135 600 4191 Pharaonis.
618 4135 724 4190 Dicitur
748 4135 898 4190 similitudo
949 4142 976 4188 ct
988 4133 1078 4187 cincre
1092 4147 1156 4186 caro
1170 4132 1302 4201 aperitur,
1314 4130 1378 4199 quia
1393 4129 1472 4198 culpa
1485 4130 1576 4184 carras
1589 4146 1638 4200 per
1649 4130 1738 4201 poerri·

110 4244 226 4295 curras,
249 4229 321 4282 ande
338 4228 365 4283 in
391 4228 436 4284 lib.
458 4228 524 4298 lleg.
540 4246 547 4281 ε
565 4226 639 4281 Vidit
664 4225 768 4279 illimus
790 4242 897 4280 carrium
950 4226 1063 4279 tentiam
1079 4224 1187 4296 tegitur,
1201 4238 1234 4277 ac
1247 4220 1492 4290 indiscretiJurlicii
1504 4221 1630 4275 eramiae
1644 4219 1677 4275 ad
1696 4221 1739 4275 ul·

109 4318 226 4388 iqneum.
245 4317 348 4373 Dicitur
367 4319 527 4388 angelorum
550 4318 703 4385 exercitus,
719 4317 813 4373 ulttie:
836 4316 897 4374 titi
952 4318 1052 4371 tionem
1069 4315 1204 4369 rideatur.
1226 4313 1332 4367 Dicitur
1350 4311 1529 4366 etiamrlebis
1541 4311 1624 4381 quiin
1637 4320 1738 4366 sanctae

110 4424 204 4464 currus
217 4421 241 4463 et
258 4412 357 4480 equites
374 4425 475 4464 eornm.
906 4413 936 4483 ΙΙ)
952 4407 1080 4462 Ecclesiae
1103 4420 1218 4475 corpore
1242 4403 1371 4458 exteriori
1393 4416 1467 4455 curse
1480 4400 1649 4466 deserviunt,
1666 4401 1739 4456 ualle

150 4497 250 4555 Currant
264 4541 272 4565 ,
285 4501 404 4570 proprie.
422 4497 527 4554 Dicitur
547 4509 635 4557 status
650 4501 793 4571 praesentis
813 4501 896 4566 ritae;
951 4494 1022 4554 lob:
1038 4494 1114 4550 Cutis
1136 4510 1194 4547 area
1217 4492 1290 4547 aruit
1314 4500 1338 4545 et
1358 4498 1496 4544 cointrocto
1511 4498 1569 4554 est,
1591 4489 1618 4542 la
1635 4497 1738 4544 sauctae

111 4589 183 4645 aride
197 4589 343 4660 Apostolus
354 4610 361 4645 :
372 4589 485 4646 Cursum
494 4596 684 4658 consummaui,
696 4593 774 4662 fidem
784 4594 895 4647 servani.

111 4679 216 4735 Dicitur
230 4681 319 4738 buxus
331 4692 433 4738 nostrae
446 4683 631 4748 arrortalitatis,
644 4685 715 4739 ande
726 4685 752 4737 ia
767 4682 876 4738 Psalmo
888 4700 897 4740 2

112 4768 148 4823 Et
159 4771 210 4825 crit
224 4782 350 4841 tanquam
363 4773 464 4844 liquam
474 4773 544 4844 qnod
555 4772 703 4842 plantatum
717 4783 755 4826 εει
769 4789 842 4826 secus
852 4770 898 4824 dc-

111 4876 205 4918 cttrsus
216 4878 356 4931 aquarum.
373 4863 478 4918 Dicitur
489 4864 606 4932 spatium
620 4864 709 4933 sarajas
720 4863 812 4931 diaeta,
825 4860 898 4918 uude

110 4946 896 5025 VegetiusDeremilitari:Spatiumdiaetoecxcrcitussunt

113 5043 218 5090 tontum
230 5036 368 5091 duodecim
380 5041 524 5107 rarilliarin;
533 5043 653 5096 siculam
667 5059 719 5096 arro
730 5043 896 5113 dieamplius

112 5130 235 5196 procedat
254 5131 399 5194 exercitus,
415 5150 466 5187 non
481 5145 520 5190 εει
540 5136 622 5189 diaeta
637 5136 683 5190 sed
696 5152 809 5201 cursus,
826 5144 853 5191 el
870 5138 897 5189 ia

112 5218 894 5289 bacsignificationesumiturinbacaaomadebacauus:

226 5352 234 5368 .
250 5351 257 5368 .
274 5311 381 5367 Gelidus
396 5329 475 5367 cursu
483 5327 651 5385 superauerat
666 5316 756 5387 Alpes,

113 5414 330 5480 eracurreratper
343 5401 436 5475 bipes.

148 5500 254 5563 Custos,
269 5496 389 5567 proprie.
406 5496 510 5552 Dicitur
524 5496 604 5565 Deus,
620 5500 692 5555 uncle
706 5498 813 5556 isaias:
827 5498 898 5565 Quid

113 5590 144 5643 de
155 5600 228 5644 nocte
245 5599 284 5644 eat
304 5604 353 5643 aas
370 5587 551 5642 idumoeorum
570 5589 598 5643 iu
615 5592 770 5660 captivitate
783 5591 899 5646 eristen·

117 5680 182 5751 titum
195 5690 220 5755 et
237 5681 438 5736 clamantium:
458 5677 529 5746 Quid
544 5681 596 5735 erit
616 5681 648 5735 de
662 5692 737 5738 nocte
753 5692 862 5750 nostra,
882 5698 897 5736 o

951 4588 1080 4643 Ecclesiae
1092 4599 1224 4655 corpore·¹
1234 4584 1334 4654 quippe
1346 4583 1392 4652 qui
1408 4582 1474 4638 salis
1489 4580 1672 4637 exterioribus
1687 4596 1737 4635 cu-

950 4678 990 4732 ris
1003 4677 1162 4734 deserviunt
1180 4691 1300 4745 corrgrue
1319 4674 1390 4729 catis
1412 4682 1562 4739 recuratur,
1579 4689 1640 4744 quae
1656 4673 1738 4728 arimi-

949 4784 1012 4824 rum
1028 4768 1098 4823 cratis
1109 4767 1259 4840 arescendo
1273 4765 1463 4831 contrabitur;
1477 4764 1540 4835 qaia
1554 4773 1661 4820 mentes
1677 4779 1738 4818 car-

950 4861 1052 4916 nalium
1076 4875 1137 4914 cum
1164 4858 1308 4930 praeseutia
1331 4857 1464 4927 diligunt,
1486 4872 1547 4927 quae
1561 4857 1640 4926 quasi
1658 4855 1737 4924 juxta

949 4947 1738 5022 pusitaconcupiscaat,adluturateatlere,perpusillaai·

949 5044 1071 5099 nnitatcrn
1086 5043 1193 5103 aanluat,
1209 5042 1267 5110 qui,
1279 5043 1343 5097 darn
1363 5043 1478 5097 internae
1498 5041 1554 5111 spei
1573 5038 1736 5110 pinguedine

949 5133 1091 5205 negligunt
1111 5141 1140 5187 ut
1161 5134 1344 5199 attrabuntur,
1361 5135 1495 5198 acclinat,
1515 5131 1578 5200 quia
1597 5129 1620 5184 si
1639 5144 1735 5184 eorum

949 5225 1033 5279 corda
1056 5225 1210 5293 desperatio
1234 5239 1289 5279 noa
1314 5224 1442 5288 siccaret,
1460 5237 1633 5291 nequaquam
1652 5230 1735 5276 aestas

949 5314 1008 5368 baec
1027 5314 1260 5383 pusillanimitatis
1281 5315 1439 5369 attralrerct.
1463 5311 1541 5367 Cutis
1567 5326 1633 5382 erga
1660 5327 1736 5367 ares·

949 5421 1015 5470 cens
1047 5406 1218 5461 contrabitur
1251 5420 1314 5461 cum
1347 5417 1413 5471 cor,
1442 5403 1525 5458 rebus
1553 5401 1735 5458 exterioribus

949 5493 1071 5552 deditam
1097 5503 1178 5566 atque
1204 5512 1236 5551 ea
1263 5493 1451 5565 desperatione
1474 5492 1622 5559 siccatum,
1638 5492 1666 5547 ia
1687 5508 1736 5547 aa·

949 5587 1035 5644 ctoris
1047 5587 1090 5644 sui
1105 5603 1227 5644 amorem
1244 5602 1299 5643 aon
1312 5586 1398 5642 teadlt
1416 5585 1463 5640 sed
1484 5584 1512 5640 la
1530 5586 1694 5658 semetipso,
1705 5593 1736 5643 ut

949 5678 986 5736 lta
1003 5678 1130 5748 dixerim,
1146 5694 1246 5752 rugosa
1261 5678 1428 5750 cogitatione
1442 5677 1598 5750 replicatur.
