3992 6042
249 214 303 272 tet

882 214 986 272 ALth
1011 217 1056 273 bb
1079 217 1216 275 adsutus

1821 229 1872 286 tas

249 332 319 408 arr),
335 324 370 385 bt
383 337 456 386 vtrat
470 338 602 401 unquam
624 345 653 387 tn
669 340 809 390 momento
829 335 993 402 moriturus,
1007 343 1037 390 ut
1051 340 1075 399 Α
1087 337 1223 407 exigentia
1248 339 1339 395 meriti
1366 340 1499 397 debeatur
1523 340 1687 410 damnatio,
1699 343 1725 398 ei
1753 346 1870 415 propitia

248 420 352 476 habitet
372 422 399 476 in
425 421 602 479 tabernaculo
625 424 739 490 earnis,
755 425 835 495 quasi
851 426 880 481 in
895 436 1035 483 momento

248 513 385 579 exiturus,
400 521 480 569 vacet
504 513 538 568 ab
554 514 726 584 amplexibus
748 524 863 574 terrene
877 518 1036 577 delectatio-

249 602 303 668 nis,
321 602 408 672 iupiat
426 604 559 658 diluvium
576 606 749 675 gulositatis;
765 608 857 677 vigilet
882 621 978 666 contra
989 611 1035 665 in·

249 699 334 753 sidias
349 699 498 767 spiritualis
514 698 604 763 loris,
627 701 761 757 vestiatur
786 704 975 773 spiritualibus
990 721 1035 761 ar·

249 788 312 852 mis,
328 789 458 844 induntur
471 790 555 845 lorica
568 791 641 857 lidci,
668 795 829 865 accingatur
846 797 937 866 gladio
957 798 1034 853 rerbi

249 877 308 944 Dei,
324 889 446 933 arinetor
457 881 551 935 latreea
566 883 719 950 charitatis,
735 897 858 944 assumat
874 889 978 958 galeam
990 905 1035 946 sa·

249 967 322 1023 latis.
337 967 385 1024 ilis
397 978 529 1037 armatos,
539 971 650 1028 dimicet
660 983 755 1030 contra
763 977 897 1047 triplicem
909 981 1032 1036 bostem:

249 1067 345 1113 contra
360 1060 511 1124 diabolum,
536 1078 571 1117 ne
598 1064 703 1135 rapiat;
729 1075 824 1121 contra
842 1070 986 1136 mundum,
1001 1088 1035 1128 ne

248 1149 364 1216 alliciat;
380 1162 474 1207 contra
492 1171 620 1222 carnem,
638 1174 672 1211 ne
687 1157 781 1213 illicita
805 1170 926 1231 appetat.
939 1162 1035 1218 Provi-

246 1241 546 1300 deatcommilitonibus
555 1248 624 1312 sois,
633 1250 659 1304 id
668 1261 711 1306 est
722 1250 851 1309 tidelibus
863 1273 869 1308 :
881 1254 1032 1323 largiendo,

247 1333 271 1388 ει
286 1344 401 1403 egeant;
417 1338 602 1404 admonendo,
620 1342 643 1397 si
659 1342 817 1415 indigeaut3
842 1348 1034 1417 compatiendo

247 1424 338 1495 aegris,
350 1429 545 1496 congaudendo
559 1433 644 1487 sanis.

542 1520 657 1580 CAPUT
675 1522 744 1579 xit.

436 1609 479 1663 aa
494 1623 623 1680 oratores,
639 1631 684 1668 seu
696 1616 845 1672 aduocatos.

280 1696 321 1752 hd
338 1711 465 1757 oratores
478 1703 547 1758 dicit
558 1703 700 1775 Scriptura
717 1726 724 1762 :
747 1706 873 1763 iudicate
889 1712 992 1781 pupilio
1007 1721 1032 1768 et

245 1783 341 1840 humili
369 1788 457 1848 (Psoi.
481 1791 521 1863 x).
548 1792 581 1848 Et
608 1793 710 1851 isaias:
735 1796 876 1855 Subvenite
898 1818 1033 1870 oppresso,

245 1876 379 1945 defendite
392 1880 500 1933 uiduam
516 1882 586 1951 (iao.
616 1884 647 1953 ι).
677 1884 776 1941 Orator
789 1889 863 1943 enim
877 1890 956 1945 debet
971 1907 1033 1947 esse

246 1970 361 2023 recitate
374 1972 515 2038 munitos,
539 1975 708 2042 discretione
729 1990 883 2050 promptus,
899 1984 1034 2043 charitate

245 2055 376 2126 fervidus,
392 2071 553 2130 aspernator
580 2067 712 2132 avaritia,
729 2078 849 2125 sectator
859 2072 984 2140 justitiae,
998 2093 1033 2133 ne

243 2149 287 2204 rel
297 2147 403 2206 salsitas
417 2153 477 2223 ejus
492 2155 634 2212 obnubilet
652 2159 800 2228 rationem,
815 2163 858 2216 vel
873 2163 1033 2224 indiscretio

244 2253 355 2297 enervet
373 2248 508 2302 sermonis
522 2249 664 2305 veritatem
677 2292 685 2317 ,
697 2254 792 2309 odium
808 2256 915 2327 ingerat
941 2263 1031 2331 suspi-

243 2334 363 2390 cionem.
378 2335 437 2391 Non
453 2342 568 2396 avaritia
588 2343 712 2400 incurvet
736 2348 872 2415 animum,
888 2367 942 2407 non
960 2353 1034 2424 injo-

243 2426 318 2481 stitia
331 2427 447 2483 deducat
462 2430 489 2483 in
502 2431 617 2498 invium,
630 2451 685 2489 non
701 2435 794 2508 lingua
817 2450 933 2496 tenetur
947 2460 1033 2514 pecu·

243 2515 329 2583 stiam,
350 2532 405 2571 non
421 2518 513 2588 lepore
524 2525 671 2579 verborum
701 2528 859 2597 popularem
875 2543 966 2602 captet
980 2552 1031 2590 au-

244 2622 315 2675 ram,
327 2609 373 2663 scd
385 2611 520 2667 orationis
536 2614 616 2669 inem
633 2620 784 2674 constituat
797 2631 914 2691 rectum,
927 2641 1033 2682 sermo·

243 2696 286 2751 nis
302 2700 448 2756 terminum
466 2704 548 2758 iaciat
563 2705 720 2762 honestum.
737 2707 796 2764 Non
813 2712 961 2779 prostituat
977 2717 1031 2770 lin-

242 2802 335 2856 guam,
348 2805 401 2844 non
426 2794 549 2849 venalem
562 2806 681 2865 exponat
702 2798 851 2870 loquelam,
865 2820 920 2859 ιιοιι
933 2809 1032 2865 tendat

244 2873 290 2929 Dei
306 2879 421 2946 tionum,
444 2897 500 2938 non
520 2884 590 2940 locet
606 2889 754 2954 gratuitum
781 2891 829 2948 Dei
856 2895 1030 2955 beneticiurn.

1086 430 1179 486 divina
1193 429 1347 498 miseratio,
1365 432 1491 489 conterat
1504 436 1624 505 spatium
1647 451 1719 492 verae
1734 439 1871 507 poeniten„

1086 513 1141 580 tite,
1168 525 1196 572 et
1217 522 1435 578 emendationem
1459 524 1531 579 ritae.
1565 525 1680 580 Multum
1705 527 1775 580 enim
1804 528 1872 582 nolet

1086 608 1173 660 oratio
1179 608 1251 677 justi
1272 614 1381 668 assidua
1394 614 1465 685 (inc.
1481 615 1520 682 r).
1532 616 1637 685 Alleget
1649 617 1743 688 justus
1754 633 1804 688 pro
1825 634 1873 673 reo

1085 698 1159 769 apud
1173 700 1295 757 divinant
1307 707 1536 772 misericordiam,
1557 720 1587 762 ut
1600 708 1665 778 quia
1686 709 1747 765 sine
1758 711 1873 765 misera·

1086 787 1163 844 tione
1178 790 1271 848 divina
1292 795 1361 850 nibil
1376 805 1466 867 potest
1491 797 1612 853 bumana
1628 799 1786 867 infirmitas,
1811 800 1872 871 eius

1086 881 1171 949 gratia
1187 897 1252 940 reus
1274 885 1404 942 liberetur
1418 903 1433 942 a
1448 888 1539 954 noxis,
1554 898 1582 944 et
1592 890 1626 945 ad
1638 892 1755 946 salutem
1769 892 1873 962 diriga-

1085 979 1140 1025 tur.
1157 972 1191 1027 Et
1207 977 1333 1044 quamvis
1347 979 1435 1033 oratio
1447 979 1514 1047 justi
1527 994 1582 1034 uon
1596 996 1704 1051 semper
1718 997 1872 1052 consequa·

1086 1069 1355 1134 toroptatomtinem
1382 1070 1409 1123 in
1436 1070 1534 1137 altero,
1559 1079 1650 1127 tameo
1666 1087 1748 1129 orans
1762 1088 1870 1142 semper

1085 1156 1264 1225 consequitor
1275 1158 1357 1214 tinem
1370 1160 1397 1213 in
1412 1176 1442 1216 se
1452 1161 1528 1230 ipso;
1546 1162 1611 1231 quia
1621 1171 1649 1218 et
1663 1164 1686 1217 si
1702 1164 1739 1218 illi
1754 1178 1804 1233 pro
1815 1179 1871 1234 quo

1085 1250 1166 1308 orat,
1193 1253 1334 1312 peccatum
1356 1263 1411 1302 non
1435 1249 1606 1316 remittatur,
1624 1251 1714 1306 oratio
1734 1251 1762 1305 in
1776 1251 1868 1307 sinum

1085 1333 1192 1390 orantis
1207 1337 1372 1404 revertitur;
1398 1340 1463 1409 quia
1487 1356 1538 1398 nec
1563 1356 1671 1410 semper
1687 1342 1810 1397 medicus
1822 1357 1869 1397 sa·

1085 1428 1171 1494 nabit,
1186 1445 1238 1485 nec
1260 1442 1353 1488 orator
1372 1448 1480 1504 semper
1499 1434 1689 1503 persuadebit;
1714 1433 1773 1498 sed,
1796 1431 1870 1488 side

1085 1518 1306 1588 contingentibus
1320 1521 1390 1575 nibil
1409 1521 1553 1589 omiserit,
1570 1521 1651 1576 tinem
1671 1535 1752 1575 suum
1768 1532 1868 1576 consc-

1084 1617 1230 1672 cutusest.

1366 1699 1481 1755 CAPUT
1499 1700 1579 1758 xbtt.

1301 1792 1344 1846 Ari
1355 1793 1486 1862 principes
1500 1794 1649 1863 ct‘jutliccs.

1118 1885 1160 1940 hd
1174 1885 1310 1956 principes
1325 1894 1460 1941 terrarum
1477 1886 1597 1941 dicitur:
1615 1885 1724 1955 Ditipite
1732 1884 1869 1954 irretitinm

1084 1978 1267 2049 qnijrrrlirotis
1291 1987 1390 2031 terram
1406 1975 1483 2046 (Sap.
1509 1978 1539 2044 ι).
1560 1975 1594 2032 Et
1616 1976 1702 2031 alibi:
1729 1974 1765 2030 Et
1788 1991 1868 2039 nanc,

1084 2086 1167 2140 repes,
1183 2069 1338 2137 intellipitc,
1362 2068 1518 2135 erudimini,
1540 2070 1586 2139 qui
1612 2068 1742 2134 itrdicotr't
1772 2077 1870 2122 terrent

1085 2161 1173 2232 (Psoi.
1191 2161 1233 2229 nl.
1252 2160 1274 2215 0
1290 2160 1385 2214 mundi
1401 2161 1550 2230 principes,
1565 2174 1635 2229 quos
1651 2158 1794 2215 constituit
1815 2158 1870 2214 Do·

1085 2252 1177 2306 minos
1194 2264 1275 2320 snper
1288 2250 1378 2319 capita
1389 2248 1543 2314 hominum,
1555 2248 1639 2304 nolite
1649 2248 1777 2318 soperbia
1789 2247 1868 2318 erigi,

1083 2343 1199 2397 avaritia
1225 2341 1370 2402 excaecari,
1387 2340 1547 2395 crudelitate
1569 2339 1742 2395 debacchari.
1770 2337 1870 2394 Consi·

1087 2438 1181 2493 derate
1192 2453 1275 2507 super
1289 2453 1338 2491 vos
1353 2435 1486 2505 majorem
1505 2443 1678 2504 potestatem,
1691 2448 1752 2503 quac
1761 2432 1870 2502 judiea-
1903 2478 1906 2482 J

1084 2530 1124 2584 bit
1139 2544 1189 2584 ros
1205 2529 1233 2582 in
1246 2527 1361 2597 judicio.
1372 2527 1536 2596 Siprinceps
1547 2540 1646 2597 pompa
1664 2524 1775 2580 lamiliae
1788 2522 1870 2578 luerit

1085 2622 1211 2687 vallatos,
1228 2621 1251 2675 si
1267 2621 1295 2675 in
1307 2621 1406 2675 throno
1418 2619 1494 2690 regio
1510 2618 1688 2682 constitutus,
1709 2624 1867 2670 nontamen

1083 2713 1185 2768 valebit
1198 2713 1300 2766 diriore
1313 2712 1449 2766 volontati
1476 2710 1633 2775 contraire;
1651 2707 1777 2778 potestati
1795 2707 1868 2762 enirn

1083 2804 1143 2874 ejas
1157 2804 1220 2875 quis
1239 2803 1368 2859 resistet?
1388 2802 1514 2857 humiliet
1533 2815 1599 2867 erpo
1614 2815 1643 2855 se
1659 2797 1775 2868 quilibet
1794 2798 1867 2864 prin·

1083 2909 1148 2964 ceps
1159 2894 1211 2949 sub
1222 2893 1327 2963 potenti
1351 2907 1434 2946 manu
1454 2890 1511 2946 liei.
1534 2887 1787 2943 Nabuchodonosor
1803 2886 1867 2954 quia

243 2964 321 3030 Quod
338 2971 444 3039 accepit
459 2973 493 3026 de
507 2975 568 3029 solo
582 2992 695 3032 ntunere
709 2982 814 3052 gratiae,
831 3000 885 3039 non
907 2997 1065 3056 prostes-c
1084 3001 1167 3054 supra
1179 3001 1209 3041 se
1225 3000 1280 3039 non
1304 2983 1432 3054 cognovit
1458 2982 1578 3038 divinam
1604 2986 1776 3050 potestatem,
1790 2977 1867 3032 habi·

242 3066 291 3110 nat
308 3061 475 3118 venditione.
498 3062 620 3136 Oqoant
638 3074 817 3130 exsecrabilis
845 3075 962 3133 simonia
977 3090 1030 3147 est,

242 3151 359 3206 rendere
373 3156 569 3222 patrimonium
594 3161 737 3231 pauperis,
757 3165 850 3222 locare
873 3168 1030 3225 subsidium

242 3241 342 3310 inopis.

277 3328 351 3386 lnior
364 3332 555 3407 eleemosynas
576 3354 630 3393 non
648 3342 793 3398 minimum
811 3345 914 3402 obtinet
927 3350 1031 3415 locutu,

241 3422 289 3492 qui
305 3422 394 3480 vidire
408 3427 434 3479 in
451 3443 534 3483 causa
549 3431 651 3498 praebet
674 3435 844 3502 subsidium;
859 3440 924 3507 qtria
942 3441 990 3509 qrri
1005 3444 1030 3495 ei

241 3514 358 3571 rationis
381 3518 493 3584 virtute,
523 3521 663 3589 proprium
693 3537 849 3593 conseruat,
866 3545 919 3585 non
940 3534 1029 3591 soloni

241 3606 379 3674 defendit,
405 3610 452 3665 sed
475 3612 557 3666 ctiam
586 3615 697 3682 praebet.
713 3616 772 3672 Non
795 3628 886 3677 tannen
907 3636 1031 3685 oratores

240 3696 361 3765 alicuius
385 3710 533 3769 paupertas
562 3704 604 3758 rel
632 3707 743 3762 miseria
770 3710 851 3767 debet
883 3714 1030 3776 incurvare

241 3787 269 3842 in
283 3786 383 3843 laisum
400 3807 408 3857 ;
430 3807 482 3847 nec
502 3793 622 3865 alicujus
640 3796 756 3857 felicitas
769 3804 899 3863 reducere
913 3808 941 3863 in
956 3811 1030 3882 inje-

240 3889 324 3935 stom.

278 3971 391 4045 Semper
407 3977 509 4033 veritas
525 3980 609 4037 robur
628 3986 727 4041 rationi
748 3989 878 4058 praebeat,
899 4002 927 4049 et
948 4010 1028 4065 opem

241 4062 316 4134 inopi
332 4081 460 4124 sermone
476 4070 555 4127 ierat.
576 4073 629 4140 Qui
655 4086 760 4132 rectum
777 4096 833 4136 non
855 4091 947 4140 tuetur
964 4101 1029 4142 cum

240 4157 313 4210 tueri
339 4160 439 4226 caleat,
452 4161 584 4218 idem·cst
598 4168 668 4220 acsi
685 4169 788 4238 injusto
803 4188 946 4230 assensum
959 4193 1030 4247 prae·

239 4246 311 4301 bcat.
331 4248 389 4305 iloc
410 4262 452 4307 est
476 4254 549 4307 enim
573 4255 600 4310 iu
617 4273 729 4314 carcere
747 4262 859 4319 visitare
882 4268 1025 4338 miserum,

239 4351 372 4409 oppresso
385 4342 412 4397 io
431 4359 515 4400 causa
538 4345 610 4403 lerre
633 4352 828 4418 patrocinium.
851 4353 909 4413 iloe
922 4367 964 4415 ιιι
979 4324 1067 4416 reo

1084 3085 1141 3129 tunt
1167 3074 1255 3129 induit
1282 3073 1441 3138 bestialent;
1462 3071 1525 3142 quia
1549 3069 1689 3124 Manasses
1712 3083 1759 3122 rex
1786 3065 1868 3122 lsrael

1083 3183 1166 3237 super
1180 3183 1210 3222 se
1229 3167 1350 3222 divinam
1363 3173 1525 3236 potestatem
1539 3179 1593 3217 non
1605 3161 1750 3231 cognovit,
1776 3158 1868 3216 divina

1083 3262 1202 3331 potentia
1229 3260 1319 3330 ipsum
1347 3268 1477 3314 extremae
1512 3255 1664 3326 captivitati
1693 3254 1820 3325 subjecit.
1845 3251 1868 3305 0

1082 3352 1220 3422 princeps,
1235 3350 1257 3404 si
1272 3349 1312 3404 ris
1327 3361 1401 3404 recte
1414 3347 1539 3418 judicare
1555 3357 1656 3402 terram
1673 3345 1780 3411 mnndi,
1794 3352 1867 3400 recte

1080 3444 1173 3513 judica
1190 3456 1291 3498 terram
1304 3442 1430 3512 corporis
1446 3441 1496 3496 tui.
1513 3439 1563 3496 Est
1575 3440 1648 3496 euim
1669 3437 1765 3507 triplex
1781 3446 1865 3501 terra,

1083 3548 1156 3592 terra
1176 3549 1257 3606 qnam
1277 3536 1413 3600 terimus,
1437 3543 1507 3589 terra
1526 3549 1609 3603 quam
1626 3532 1766 3603 gerimus,
1795 3539 1866 3585 terra

1081 3644 1165 3698 qrram
1178 3628 1338 3698 querimus.
1358 3625 1442 3681 Terra
1463 3641 1546 3696 quam
1568 3625 1699 3688 terimus,
1716 3622 1867 3678 materialis

1083 3726 1155 3772 terra
1173 3725 1215 3773 est
1227 3759 1235 3784 ,
1246 3733 1308 3786 ortae
1319 3717 1450 3772 calcanda
1468 3724 1521 3770 cst.
1542 3713 1626 3770 Terra
1637 3729 1719 3784 quam
1735 3712 1866 3783 gerimus,

1080 3816 1122 3864 est
1136 3818 1209 3864 terra
1220 3808 1346 3878 corporis
1361 3808 1460 3874 nostri,
1477 3823 1539 3876 quor
1560 3805 1708 3862 cxcolcrtda
1720 3802 1866 3861 cstierra

1080 3915 1163 3969 quam
1176 3899 1335 3969 quaetenus,
1347 3899 1450 3953 estrita
1465 3910 1577 3961 aeterna,
1587 3913 1648 3967 quae
1661 3894 1802 3951 incolenda
1812 3902 1866 3948 est.

1081 3991 1160 4046 Sicut
1173 4005 1239 4060 ergo
1252 4005 1300 4044 rex
1316 3988 1484 4044 materialem
1508 3996 1610 4043 terram
1635 3986 1753 4042 custodit
1768 4000 1804 4040 ne
1814 3984 1866 4039 lro-

1080 4081 1130 4136 stis
1144 4081 1270 4145 invadat;
1289 4079 1330 4134 sic
1347 4078 1488 4135 custodire
1514 4077 1594 4133 debet
1616 4085 1716 4131 terram
1740 4076 1865 4145 eorporis

1081 4167 1135 4234 sui,
1152 4182 1186 4222 ne
1198 4167 1326 4223 diabolus
1342 4167 1478 4238 subripiat
1500 4168 1572 4223 hona
1588 4175 1677 4233 terrae,
1691 4165 1774 4242 idest
1787 4164 1865 4221 dotes

1080 4258 1202 4328 corporis
1212 4267 1239 4314 ιι
1254 4259 1362 4315 antniae.

1114 4349 1148 4404 Et
1160 4349 1232 4405 sicot
1245 4349 1272 4404 in
1288 4359 1360 4407 terra
1378 4351 1511 4407 materiali
1524 4360 1566 4407 ιιι
1577 4350 1722 4406 diversitas
1737 4348 1866 4403 habitan·

237 4429 305 4487 stire
317 4434 440 4502 nudom;
457 4439 559 4493 nudato
577 4442 739 4509 patrocinio,
757 4444 784 4499 in
795 4461 879 4502 eausa
891 4448 962 4506 lerre
973 4467 1024 4522 pa·
1077 4441 1157 4509 lium.
1168 4443 1239 4497 inies
1250 4456 1321 4513 (1⁰⁰⁸
1333 4444 1380 4498 31ῑί
1392 4454 1457 4499 sunl
1472 4444 1647 4514 imperantes,
1670 4452 1701 4497 ut
1713 4439 1863 4511 principem

238 4523 348 4578 troctnn
363 4527 506 4583 substan:
528 4532 579 4586 ιιι
594 4542 634 4588 est
648 4536 816 4593 aserenam
839 4556 967 4609 pascere,
984 4546 1024 4601 st·
1076 4543 1232 4604 onerantes,
1245 4543 1275 4590 ur
1288 4535 1407 4603 intitres;
1422 4537 1466 4590 atet
1479 4535 1711 4603 obtemperantes,
1723 4540 1752 4586 ur
1766 4530 1863 4601 pteoaet

239 4615 315 4668 tienti
325 4626 418 4686 potunt
434 4619 501 4676 dare
518 4624 608 4694 110,
621 4628 784 4683 medicinam
797 4630 890 4702 largiri
902 4634 1021 4701 infirmo,
1076 4626 1220 4695 1¹⁰ffl¹ssflsi
1237 4628 1278 4683 ⁸5⁰
1289 4628 1315 4682 3¹¹
1327 4636 1400 4683 liiii
1415 4627 1539 4697 0⁰¹P⁰s5⁵
1562 4625 1622 4687 ⁵¹¹³·
1653 4639 1704 4678 Μ
1721 4620 1802 4676 deba
1816 4635 1863 4675 Μ’

237 4709 413 4777 peregrinum
428 4713 563 4781 recipere,
586 4716 747 4773 destitutum
760 4720 795 4775 ab
806 4725 881 4776 omni
899 4727 1022 4796 arrsilio,

237 4796 271 4850 ad
285 4800 513 4866 patrocinandum
527 4805 553 4858 in
568 4821 651 4863 causa
678 4812 829 4881 suscipere.
842 4813 894 4880 Qui
908 4831 974 4887 ergo
994 4820 1022 4875 in

233 4887 308 4960 justa
333 4906 417 4946 causa
441 4893 574 4966 indigenti
597 4903 780 4968 patrocinium
803 4906 917 4974 praebet,
941 4923 1023 4967 omrte

235 4996 306 5050 opus
321 4983 517 5042 misericordiae
542 4990 646 5060 implet.
664 4992 778 5060 Orator,
804 5010 853 5051 cur
876 4998 1023 5058 tleicodere

234 5074 332 5130 nitluas
350 5078 377 5129 in
389 5078 447 5133 suis
462 5082 673 5140 necessitatibus
685 5086 812 5142 omittis?
827 5088 855 5142 ln
869 5099 922 5145 tuae
932 5093 1022 5149 scicn-

233 5162 279 5215 tiae
291 5165 462 5233 expositione
476 5169 543 5223 stibii
559 5173 674 5240 amittis,
688 5175 755 5228 nihil
768 5175 795 5230 io
808 5177 891 5246 hujus
900 5181 1022 5235 thesauri

234 5252 378 5324 largitione
392 5260 493 5327 perdis.
509 5259 572 5316 ihre
585 5271 628 5317 est
653 5265 754 5320 nobilis
777 5270 933 5341 possessio,
960 5288 1022 5343 quar

233 5356 347 5399 avarum
362 5347 526 5420 detlignatur
541 5367 749 5422 possessorem,
766 5374 884 5431 comque
898 5378 952 5418 uon
968 5380 1021 5433 po·

233 5433 362 5502 hiieatur,
378 5439 510 5497 elabitur.
527 5441 686 5512 spiritualis
707 5448 790 5503 etiam
812 5462 923 5519 orator,
939 5453 1022 5508 idest

233 5528 275 5582 ιιι
285 5531 378 5599 justus
389 5537 469 5607 cujus
482 5539 573 5596 oratio
585 5552 696 5610 perorat
708 5544 780 5612 apud
801 5545 886 5602 Deum
900 5587 908 5614 ,
922 5549 1021 5617 alleget

232 5634 283 5690 pro
293 5636 352 5690 rco,
369 5630 440 5694 apud
455 5630 559 5698 Deum,
578 5635 638 5705 pias
653 5651 763 5706 preces,
789 5649 818 5694 ut
832 5643 958 5709 «pitantiis
974 5658 1020 5698 reo

1075 4717 1171 4773 dirrare
1183 4719 1265 4773 trium
1294 4728 1418 4774 motuum
1431 4718 1615 4772 diversitates.
1627 4714 1716 4769 bintus·
1733 4714 1861 4782 rationis,

1075 4811 1122 4881 qui
1137 4812 1288 4882 imperent;
1305 4823 1396 4867 motus
1412 4810 1609 4873 sensualitatis,
1627 4808 1673 4877 qui
1693 4814 1861 4877 operentur;

1075 4913 1165 4959 motos
1179 4905 1279 4970 carnis,
1302 4906 1349 4973 qui
1362 4904 1561 4974 obtemperent.
1579 4900 1612 4954 Et
1628 4900 1701 4955 sicot
1715 4899 1750 4954 ad
1766 4913 1862 4968 pacetur

1074 5005 1154 5052 terrae
1177 4997 1326 5052 materiatis
1349 4996 1475 5052 laborare
1497 4995 1575 5050 decet
1598 4991 1766 5063 prinoipem,
1779 4990 1806 5045 id
1821 5000 1863 5046 est

1074 5089 1108 5144 ad
1122 5089 1321 5144 observandam
1334 5089 1412 5159 pacis
1424 5088 1663 5157 tranquillitatem,
1679 5087 1717 5142 ita
1732 5085 1766 5141 ad
1784 5084 1863 5155 prin·

1073 5182 1147 5252 cipes
1161 5182 1243 5251 hujus
1253 5189 1334 5235 terrae
1349 5180 1471 5236 dicitur:
1491 5177 1667 5244 Erudimini,
1683 5179 1710 5233 id
1725 5186 1767 5233 cst
1785 5175 1862 5230 rodi·

1075 5282 1155 5328 tatem
1179 5270 1348 5328 carnalitatis
1362 5269 1517 5338 erudiatis,
1547 5272 1592 5341 poi
1603 5271 1735 5340 judicatis
1750 5278 1862 5330 terrant,

1075 5367 1101 5421 id
1114 5366 1213 5435 estqui
1228 5366 1255 5419 in
1266 5366 1365 5421 restris
1376 5365 1538 5434 corporibus
1554 5365 1699 5445 damnatis·
1714 5359 1859 5417 terrenita-

1074 5467 1140 5514 tcm.
1153 5458 1223 5525 Quid
1244 5457 1291 5513 tibi
1316 5467 1381 5513 tunc
1399 5457 1509 5514 animus
1532 5457 1667 5522 dictabit,
1695 5469 1711 5509 o
1732 5452 1860 5523 princeps

1073 5560 1163 5616 terne,
1179 5566 1242 5606 eunt
1267 5566 1372 5623 pauper
1389 5560 1416 5606 te
1437 5551 1575 5623 judicabit
1597 5550 1622 5603 in
1647 5547 1690 5602 die
1712 5543 1821 5616 judicii,
1834 5543 1858 5600 ιι

1073 5644 1144 5699 tnale
1167 5644 1272 5700 reseris
1290 5644 1400 5708 orbem,
1416 5644 1438 5700 si
1455 5645 1556 5714 injuste
1578 5637 1746 5711 judicareris
1759 5651 1860 5710 paupe·
