3992 6042
121 241 172 301 881
525 228 786 292 otsttttcrtoltss
803 227 991 288 otcttotttttt
1010 227 1134 286 THEOL.
1153 258 1189 269 -
1207 227 1343 286 ODl-DNO
1682 231 1735 289 882

121 356 231 419 berum,
247 352 319 410 unde
333 351 419 408 uantd
435 369 441 406 ε
457 349 568 405 terrori
583 365 623 404 me
636 359 663 403 ut
678 349 807 420 pupillum
821 347 901 416 oculi,
917 347 1019 410 Atudo
1033 347 1108 414 olle,
1123 346 1273 403 seeundum
1290 343 1363 415 quod
1384 341 1529 413 exponitur
1543 358 1550 398 t
1563 339 1634 408 Quid
1651 353 1680 399 tu
1696 346 1736 400 ei-

121 447 149 502 td
159 454 201 502 cst
212 445 264 501 sub
275 444 404 515 pupillam
416 442 499 498 oculi.
952 442 1010 508 des,
1023 439 1139 495 Jeremie
1151 440 1164 493 l
1175 438 1263 494 Oliem
1273 454 1424 494 succensum
1437 450 1470 493 att
1482 436 1604 508 aquilone
1613 452 1659 507 ego
1670 438 1737 505 eidi,

159 536 251 603 odire,
263 537 380 607 proprie.
394 534 476 590 Notat
489 534 596 606 signum
616 534 671 589 odii
687 534 753 589 dare
770 532 812 588 rel
826 531 903 587 dam·
952 535 979 590 ld
1000 543 1041 591 est
1058 533 1261 590 similitudinem
1277 534 1346 589 elles.
1362 532 1464 590 Dicitur
1486 535 1598 605 nigredo
1610 532 1654 587 rel
1669 545 1737 588 con«

121 643 187 685 rrttm
203 627 324 695 inferre,
342 627 413 683 uude
435 626 519 682 Dauid
534 644 541 681 r
556 624 609 691 Oui
621 625 710 697 diligit
725 626 900 695 iniquitatem,
952 625 1036 694 lusio,
1053 628 1118 694 nuta
1134 628 1160 681 iu
1182 629 1234 683 olle
1252 628 1283 683 lit
1294 627 1465 685 diversorum
1481 626 1647 688 commistio,
1661 623 1735 682 unde

119 722 176 776 oriit
195 722 311 775 rrrtmnm
330 736 426 786 suem,
451 719 478 773 id
496 727 538 774 cst
555 719 686 775 damnum
702 717 783 773 insert
803 717 902 771 enimse
950 697 1082 789 propicia
1098 717 1217 773 :·Facies
1230 728 1491 773 eoruntcenuertetur
1505 718 1633 773 inultum.

121 829 189 878 sure,
203 813 276 885 duod
291 824 333 869 εει
353 813 460 883 signum
481 812 548 866 odii.
561 810 642 865 Notat
662 811 818 881 reprobare,
830 810 901 864 unde
987 808 1064 876 Dius,
1074 809 1192 880 proprie.
1206 808 1310 865 Dicitur
1320 809 1397 866 cibus
1409 809 1574 876 indifferens,
1584 808 1734 866 undei’au·

120 904 205 960 Daniel
222 923 230 960 z
247 904 356 976 irripere
370 905 431 958 edio
445 904 543 971 bubui,·
562 913 590 959 ει
603 904 669 960 alibi
684 922 691 958 :
708 903 796 959 Odisti
811 920 899 960 omues
949 903 1013 960 lus:
1029 902 1082 970 eut
1100 902 1352 973 murmurabatur
1366 902 1514 957 manderet.
1528 902 1734 959 Diciturtenuis

119 998 165 1067 qui
190 1009 333 1068 operentur
357 999 535 1067 iniquitatem.
550 996 631 1053 Notat
653 1007 785 1067 precepta
808 997 900 1053 dirim
949 996 1084 1054 etaridus
1095 996 1185 1062 cibus,
1202 997 1273 1053 unde
1286 995 1414 1067 predicta
1430 996 1579 1052 auctoritas
1592 994 1632 1051 sic
1645 1001 1730 1065 potest

118 1101 308 1154 contemnere,
330 1092 401 1146 unde
416 1090 557 1145 Psalmista
574 1108 580 1145 :
596 1088 725 1163 Superbia
741 1106 831 1145 eorum
854 1092 899 1162 qui
948 1088 1047 1159 exponi
1061 1109 1067 1144 :
1081 1089 1133 1154 Qui
1143 1089 1263 1159 infirmus
1277 1099 1325 1155 est,
1338 1089 1364 1144 id
1377 1097 1419 1144 εει
1430 1102 1533 1158 pronus
1549 1088 1583 1143 ad
1596 1086 1731 1143 lubricum

119 1191 143 1235 tr
155 1181 276 1249 oderunt,
289 1182 407 1237 aseendit
421 1197 530 1251 semper,
545 1189 598 1236 etc.
615 1180 696 1236 Notat
710 1195 767 1236 rem
788 1181 815 1235 in
837 1196 899 1237 esse
949 1182 1058 1248 carnis,
1075 1181 1132 1235 olus
1152 1181 1313 1248 manducet,
1330 1182 1356 1237 id
1380 1192 1422 1239 est
1440 1181 1516 1240 tenui
1531 1191 1558 1237 et
1579 1181 1657 1235 arido
1671 1180 1733 1235 cilio

118 1289 172 1328 non
193 1289 356 1330 consecrare
368 1314 376 1338 ,
389 1272 461 1328 uude
473 1273 572 1344 legitur
586 1274 613 1329 in
635 1273 706 1330 libro
729 1273 874 1344 Sapientiae
890 1291 897 1328 :
949 1271 1183 1329 uteturadcarnis
1193 1274 1381 1344 castigandum
1393 1271 1733 1344 incentivumDiciturge·

119 1366 195 1421 iiiiii
215 1368 296 1422 odisti
306 1383 396 1422 eorum
410 1383 469 1438 pure
483 1368 568 1437 [eristi
580 1409 587 1429 .
601 1367 627 1422 id
639 1377 681 1423 est
693 1383 724 1423 ee
736 1383 797 1438 qum
810 1367 897 1424 iecisti
948 1380 1002 1422 nus
1017 1365 1178 1433 innotarum,
1194 1365 1265 1422 unde
1280 1364 1364 1421 Dauid
1378 1384 1385 1422 :
1412 1366 1638 1432 Querrredmodum
1660 1364 1733 1420 olere

117 1460 218 1516 inesse
234 1475 285 1515 suo
300 1475 455 1516 consertas.
470 1458 550 1515 Notat
561 1460 674 1529 gratiam
686 1475 740 1514 non
751 1474 897 1530 apponere,
948 1458 1088 1513 turbarum
1101 1460 1154 1514 cito
1164 1460 1295 1515 decident.
1310 1457 1403 1515 Potest
1417 1459 1498 1514 etiam
1515 1460 1567 1515 dici
1581 1459 1733 1530 conjugalis

102 1550 189 1614 ,unde
204 1571 211 1606 ε
226 1550 309 1606 Jacob
329 1552 412 1607 dilexi
425 1561 451 1607 et
470 1550 543 1606 Esau
557 1552 618 1606 odio
632 1554 722 1608 ltubui.
741 1551 821 1608 Notat
834 1567 897 1608 car·
948 1560 1056 1616 status,
1070 1551 1135 1621 quie
1147 1560 1189 1607 εει
1203 1553 1359 1608 communis
1369 1562 1396 1609 et
1415 1552 1483 1607 lenis
1495 1551 1583 1616 cibus,
1600 1559 1630 1605 ut
1645 1552 1669 1606 ci
1684 1551 1732 1620 qrri

117 1643 192 1697 rinles
208 1643 358 1713 uoluptates
370 1660 417 1715 per
436 1645 603 1701 voluntatem
626 1646 724 1701 animur
737 1645 894 1714 refrenare,
947 1643 1082 1699 contineri
1108 1658 1164 1699 non
1187 1651 1275 1715 potest
1299 1644 1429 1700 dicatur:
1450 1643 1503 1710 Qui
1531 1644 1651 1714 infirmus
1676 1653 1731 1708 ert,

117 1736 188 1791 unde
205 1735 231 1790 in
255 1735 420 1808 Evangelio:
438 1739 491 1804 Qui
508 1739 563 1794 uelit
580 1741 698 1794 unimam
714 1740 740 1793 in
756 1740 804 1794 boc
818 1757 896 1794 mun·
912 1729 933 1788 B
947 1737 1005 1791 otus
1020 1738 1171 1804 ntoudurct,
1187 1737 1212 1792 id
1230 1746 1272 1793 εει
1287 1753 1401 1793 uxorem
1414 1737 1512 1803 Ducat,
1525 1746 1577 1792 ete.

116 1830 171 1897 do,
189 1830 213 1884 id
232 1832 334 1902 estqui
358 1831 510 1903 voluptates
529 1834 621 1890 earnis
643 1833 782 1890 uoluntate
799 1835 898 1890 auimae
985 1828 1100 1901 Onager,
1117 1831 1236 1901 proprie.
1249 1831 1356 1888 Dicitur
1370 1831 1452 1887 etiam
1466 1831 1567 1900 uliquis
1580 1828 1731 1894 solitarius,

114 1920 235 1977 retrenm
250 1922 278 1978 in
290 1923 354 1977 rita.
947 1922 1019 1978 unde
1032 1921 1084 1978 tob
1097 1941 1105 1977 :
1122 1923 1187 1990 Quis
1199 1924 1300 1979 dimisit
1313 1941 1442 1996 onagrum
1454 1923 1576 1989 liberum,
1589 1932 1614 1977 et
1627 1921 1731 1977 uincula

153 2012 235 2079 Odor,
247 2014 365 2085 proprie.
382 2014 484 2071 Dicitur
495 2016 578 2072 etiam
590 2015 752 2084 lama‚unde
766 2018 793 2071 in
804 2016 895 2072 Cant:

115 2105 256 2163 Curremur
271 2109 298 2162 iu
309 2109 415 2164 odorem
424 2121 616 2181 unguentorum
627 2119 742 2177 tuorum,
759 2110 785 2165 id
796 2118 839 2166 cst
850 2111 897 2164 lie·

115 2214 150 2254 ne
171 2201 347 2270 operabimur
362 2201 395 2255 ad
411 2202 565 2273 exemplum
586 2212 614 2259 ει
638 2201 739 2258 lamam
765 2204 894 2257 virtutum

114 2290 157 2347 tel
173 2291 306 2347 bonorum
326 2307 450 2364 operum.
473 2294 578 2351 Dicitur
596 2297 725 2362 occasio,
739 2296 809 2350 tunde
824 2295 896 2350 Pau·

114 2384 181 2445 lus:
197 2380 361 2449 Quibusdam
376 2401 466 2440 sentus
482 2386 547 2441 odor
559 2389 657 2442 eiluein
673 2389 752 2440 uitam
766 2427 773 2450 ,
787 2388 896 2449 ouibus·

113 2474 176 2528 dum
190 2475 256 2529 odor
266 2477 357 2531 ntortis
370 2478 397 2530 in
418 2489 539 2549 retortum.
553 2477 656 2534 Dicitur
671 2480 844 2548 matimonio
857 2479 896 2532 lc·

113 2566 187 2637 gitur
199 2568 273 2637 quod
295 2571 383 2625 sancti
407 2570 543 2627 habebant
560 2572 667 2642 phialas
691 2574 786 2642 plenas
798 2573 896 2626 odora·

113 2659 222 2726 mentis,
235 2677 296 2731 qtrrc
309 2673 374 2718 sunt
388 2663 525 2720 orationes
547 2673 716 2720 sanctorum.
737 2664 842 2719 Dicitur
853 2664 896 2717 in-

112 2749 250 2819 cendium,
266 2753 337 2809 unde
352 2753 380 2808 ln
398 2753 467 2809 Dan.
485 2754 567 2811 :Neu
582 2758 668 2829 tetigit
679 2774 722 2811 eos
737 2757 803 2810 otior
815 2757 893 2827 ignis,

112 2841 140 2897 td
155 2851 197 2898 εει
220 2854 276 2901 tres
289 2862 388 2916 pueros
406 2863 460 2903 non
477 2849 564 2920 tetigit
578 2850 733 2906 incendium
750 2850 831 2921 iguis.
848 2848 895 2903 Di·

110 2936 273 2993 cituretism
288 2941 537 3007 deretiomentis,
555 2942 625 2997 unde
641 2942 738 3014 iegitur
752 2942 824 3011 orrod
838 2939 895 2996 Noe

111 3030 208 3086 obtulit
223 3032 410 3088 holocaustum
427 3033 542 3088 Domino
561 3033 589 3088 in
603 3034 715 3088 odorem
736 3032 888 3087 suauitatis.

149 3119 279 3187 oleaster,
303 3122 411 3192 proprie
433 3123 565 3178 silvestris
588 3122 669 3177 oliva.
694 3120 797 3176 Dicitur
810 3124 893 3177 ctiam

110 3208 226 3277 gentilis.
234 3207 302 3264 Nam
317 3226 379 3265 cum
393 3220 467 3267 essct
478 3210 533 3266 Deo
544 3212 659 3278 alienus,
671 3212 811 3269 dicebatur
821 3214 894 3269 olea·

110 3310 175 3368 stcr3
190 3303 262 3359 unde
273 3303 420 3375 Apostolus
436 3323 443 3362 :
462 3305 501 3360 Tu
514 3319 601 3362 eutem
616 3324 676 3362 cum
688 3308 800 3362 oleaster
813 3324 891 3364 esses.

146 3391 252 3459 Oleum,
265 3396 384 3465 proprie.
398 3395 503 3453 Dicitur
515 3399 597 3453 etiem
611 3398 684 3454 bama
696 3399 738 3454 sel
753 3399 851 3469 gloria,
864 3401 893 3454 in

109 3481 188 3539 Cant.
208 3503 215 3539 τ
232 3485 324 3541 Oleum
337 3488 451 3557 efferrem
472 3506 565 3545 nornen
586 3501 670 3547 tuum.
696 3492 798 3548 Dicitur
812 3494 893 3563 spiri-

111 3573 192 3629 tualis
208 3577 304 3645 gratia,
320 3578 391 3634 tunde
402 3577 506 3634 David:
524 3579 605 3635 Ducit
620 3584 808 3651 teDenndtenr
820 3595 891 3651 titur,

110 3666 167 3721 eleo
176 3665 288 3724 letitie.
304 3668 410 3726 Dicitur
424 3671 554 3736 charitas,
569 3673 641 3727 trude
656 3675 682 3728 in
695 3673 821 3730 Psalmo:
836 3675 893 3729 lur-

108 3760 244 3829 pinpuurti
259 3760 286 3813 in
295 3759 351 3815 eleo
364 3769 443 3832 ceput
453 3777 548 3827 meum,
563 3761 589 3815 td
600 3771 641 3817 εει
652 3763 894 3819 mentemclrarita·

111 3860 137 3907 tc
157 3852 343 3926 impinguasti.
359 3853 462 3910 Dicitur
482 3854 688 3921 misericordis,
705 3855 775 3923 unde
795 3856 893 3927 legitur

111 3945 145 4001 dc
158 3943 331 4002 Samaritano
344 3947 415 4017 quod
435 3945 534 4002 inludit
550 3947 640 4002 oleum
653 3955 680 4001 ct
695 3947 800 4004 riumn.
818 3947 892 4004 Dici·

111 4043 156 4089 tur
175 4036 305 4103 adulatio,
318 4038 389 4094 undc
402 4037 506 4094 David:
521 4036 765 4107 Oieumpeccutorir
778 4055 829 4093 non
840 4040 892 4093 im-

109 4132 215 4203 pinguet
239 4144 317 4202 caput
330 4149 427 4188 rreum.
451 4131 555 4189 Dicitur
576 4133 741 4190 abundantia
755 4145 892 4204 tempora-

111 4224 187 4288 liumr
200 4226 272 4280 unde
285 4224 413 4280 Dosithrl
421 4226 510 4296 [rectu
522 4225 655 4295 frumeuti,
669 4227 721 4281 uini
732 4237 757 4281 et
772 4227 890 4292 oleictc.

946 2014 1003 2083 eius
1016 2015 1074 2084 quis
1090 2015 1188 2071 soluit?
1198 2014 1316 2087 Onager,
1332 2019 1379 2087 qui
1395 2019 1421 2071 in
1437 2017 1582 2072 solitudine
1597 2025 1730 2075 moratur.

946 2117 1019 2163 recte
1040 2122 1136 2164 eorum
1155 2108 1237 2162 sitam
1256 2107 1392 2179 significat
1412 2109 1470 2180 quii,
1493 2109 1622 2163 remotio
1642 2109 1730 2165 turbis

945 2199 1132 2266 secularibus,
1150 2199 1286 2255 inmeritis
1303 2198 1448 2255 solitudine
1459 2207 1666 2255 conversantur.
1683 2196 1731 2250 Di-

946 2292 1018 2346 citur
1028 2291 1052 2346 is
1067 2292 1113 2362 qui
1132 2302 1231 2348 cuncta
1246 2307 1308 2363 qum
1319 2290 1457 2347 desiderat
1470 2292 1535 2363 agit,
1553 2292 1623 2345 unde
1638 2289 1672 2345 dc
1684 2305 1730 2345 ra·

945 2398 982 2438 no
997 2384 1098 2440 dicitur
1116 2403 1123 2439 ε
1138 2383 1172 2438 Ει
1187 2386 1264 2456 qunti
1279 2383 1382 2454 pullum
1397 2384 1490 2453 ortepri
1508 2383 1619 2436 liberum
1634 2399 1661 2436 se
1682 2398 1732 2434 nura

946 2485 1002 2529 tum
1015 2485 1100 2545 putet.
1113 2473 1220 2546 Onager
1230 2475 1257 2530 in
1271 2475 1395 2530 libertate
1406 2474 1497 2539 babet,
1509 2484 1542 2528 ct
1555 2473 1661 2543 ireque
1680 2489 1731 2542 ap·

946 2568 1022 2638 pctit,
1035 2577 1062 2623 et
1072 2567 1212 2638 quiescere
1223 2584 1285 2623 cum
1300 2568 1431 2625 lassatur.
1447 2565 1494 2621 ille
1504 2580 1569 2636 ergo
1581 2566 1728 2635 pnllnona·

945 2661 988 2732 gri
1009 2660 1107 2716 similis
1127 2676 1189 2717 esse
1210 2660 1381 2730 concupiscit
1404 2675 1484 2730 quem
1505 2658 1656 2727 discipline·
1670 2658 1729 2714 lora

945 2764 1000 2804 non
1020 2758 1137 2816 coercet,
1164 2749 1211 2806 sed
1231 2766 1316 2820 vagus
1339 2766 1387 2821 per
1407 2750 1504 2805 siluam
1527 2747 1729 2804 desideriorum

945 2843 1041 2896 currit.
1062 2841 1167 2896 Dicitur
1186 2842 1232 2897 illc
1246 2842 1336 2913 quiin
1352 2857 1451 2913 campo
1466 2841 1528 2897 tidei
1541 2842 1647 2911 positus
1668 2842 1730 2897 nul·

944 2937 997 2991 lius
1011 2933 1091 2990 officii
1103 2935 1169 2989 loris
1181 2935 1288 3006 ligatur,
1301 2936 1373 2990 unde
1393 2954 1400 2989 :
1418 2934 1548 3006 Nunpuid
1563 2937 1649 3006 rugiet
1662 2953 1729 2991 orru-

944 3044 990 3097 ger
1009 3043 1068 3080 eum
1086 3026 1208 3080 trebeerit
1223 3025 1428 3082 berbern?Cum
1446 3028 1508 3099 quis
1521 3043 1555 3083 cr
1571 3028 1626 3082 rire
1643 3045 1728 3084 sucu·

944 3117 994 3172 luri
1004 3117 1135 3172 intuitivae
1144 3116 1256 3172 visionis
1265 3117 1400 3173 desiderio
1410 3127 1517 3184 aestuat,
1527 3135 1588 3175 eum
1604 3120 1730 3176 relectio-

944 3207 988 3263 nis
1002 3209 1105 3264 iutimae
1119 3208 1248 3278 pabulum
1261 3209 1440 3279 concupiscit,
1453 3211 1531 3282 quasi
1546 3211 1657 3265 herbam
1673 3227 1727 3266 non

944 3300 1085 3355 inveniens
1102 3314 1204 3370 onager
1216 3300 1300 3370 rugit.
1321 3297 1425 3356 Dicitur
1442 3299 1562 3368 iudeus,
1579 3304 1651 3357 unde
1667 3318 1729 3372 pro-

943 3393 1023 3463 pltcta
1038 3410 1045 3446 τ
1062 3390 1162 3463 Oeagri
1171 3399 1299 3446 steterunt
1310 3394 1338 3446 in
1352 3391 1472 3462 rupibus,
1493 3394 1643 3463 deiecerunt
1658 3393 1729 3448 oculi

942 3500 1033 3539 eorum
1046 3485 1108 3554 quie
1123 3500 1175 3538 non
1188 3493 1245 3539 eret
1257 3483 1353 3550 iterium
1368 3484 1421 3541 boe
1438 3485 1564 3556 superius
1576 3486 1610 3540 De
1626 3482 1728 3540 ludaris

942 3577 1108 3639 dictumest,
1123 3591 1239 3646 quorum
1249 3577 1322 3632 oculi
1333 3575 1498 3645 deiecerunt,
1511 3576 1575 3648 quio
1589 3593 1604 3631 o
1616 3593 1665 3632 sua
1680 3593 1728 3648 spe

943 3666 1065 3723 irustrnti
1077 3679 1155 3735 sunt;
1169 3678 1197 3724 et
1208 3670 1259 3724 istu
1270 3669 1309 3725 eis
1324 3677 1505 3737 evanuerunt,
1523 3670 1586 3740 quie
1606 3679 1728 3723 rronternt

942 3759 1106 3830 burbureis
1117 3776 1212 3816 eorum
1223 3762 1352 3817 cordibus
1366 3761 1452 3817 deluit
1463 3761 1626 3817 aeternitetis
1639 3762 1729 3817 scien-

944 3854 991 3919 tia,
1004 3863 1031 3907 ct
1045 3853 1120 3907 nullo
1134 3853 1214 3907 modo
1224 3869 1272 3909 eos
1286 3852 1381 3908 rclecit
1392 3855 1491 3925 pabulo
1507 3855 1653 3910 viriditatis
1664 3855 1729 3911 inti·

943 3960 994 3999 mm
1007 3943 1142 3999 doctrina.
1158 3942 1261 3999 Dicitur
1276 3944 1429 4012 lraereticus‚
1449 3946 1520 4003 sicut
1536 3945 1667 4017 scriptum
1686 3955 1729 4004 cst

943 4032 969 4085 in
983 4030 1034 4086 iob
1052 4049 1059 4085 :
1074 4031 1129 4086 eiiii
1147 4035 1224 4104 perusi
1243 4033 1337 4103 onagri
1355 4033 1525 4105 egrediuntur
1536 4038 1564 4091 itt
1578 4038 1681 4093 ‹leserte
1691 4042 1727 4094 ori

943 4140 1008 4195 opus
1024 4139 1112 4179 snum.
1130 4123 1200 4181 Sunt
1212 4126 1336 4181 nonrrulli
1354 4127 1474 4185 hrerctici
1487 4128 1534 4199 qui
1549 4131 1659 4200 populis
1677 4132 1727 4187 ad·

942 4220 1051 4276 misceri
1067 4218 1216 4292 relugiunt,
1231 4221 1277 4276 scd
1290 4235 1429 4277 secessum
1439 4222 1501 4278 rite
1512 4225 1667 4280 secretioris
1679 4241 1728 4291 ap-

148 4316 235 4384 diter,
257 4318 375 4387 proprie.
394 4316 500 4374 dicitur
514 4317 646 4381 sapientia
660 4317 763 4383 divina,
776 4319 848 4374 unde
865 4320 891 4372 in
942 4320 1053 4381 petuam
1068 4312 1125 4382 qui,
1141 4312 1359 4382 plerumquecos
1369 4327 1440 4384 quos
1456 4314 1607 4382 inveniunt,
1620 4331 1652 4371 eo
1667 4334 1727 4371 utn-

111 4407 181 4464 liliro
192 4407 247 4479 Sap
261 4427 269 4464 r
282 4408 445 4475 Quusioiiue
462 4413 590 4479 speciose.
607 4409 712 4465 Dicitur
724 4410 825 4480 justus.
840 4426 892 4465 un·
908 4404 1016 4473 oplius
1035 4413 1112 4474 peste
1130 4418 1187 4460 sme
1210 4405 1398 4476 persuasionis
1416 4406 1552 4476 inliciunt,
1572 4424 1628 4481 quo
1647 4410 1726 4480 quasi

111 4502 145 4558 de
167 4502 252 4558 David
271 4522 278 4557 :
295 4502 379 4568 Queri
393 4501 463 4558 oliee
477 4504 626 4573 iructiiera.
641 4501 745 4558 Dicitur
757 4500 890 4567 Ecclesia,
942 4511 975 4574 cx
987 4495 1051 4549 viter
1065 4497 1170 4552 meritis
1185 4498 1384 4555 reverentiores
1401 4499 1539 4559 videntur.

111 4595 184 4651 unde
201 4596 348 4667 Apostolus
359 4596 475 4667 loquens
491 4596 525 4652 ad
541 4597 667 4668 gentilem
685 4598 815 4669 pupulum
828 4598 888 4651 ait:
978 4586 1190 4657 Orrocentcurur,
1198 4592 1315 4662 proprie.
1324 4591 1428 4648 Dicitur
1439 4595 1521 4649 bromo
1532 4595 1690 4655 luxuriosus
1700 4609 1727 4655 ct

114 4684 152 4740 Tu
164 4696 249 4742 nutem
263 4705 322 4742 cnm
338 4689 451 4744 oleaster
464 4704 543 4751 esser,
559 4690 673 4745 insertus
684 4706 711 4745 er
725 4690 753 4744 iu
769 4688 835 4751 illis,
852 4688 893 4759 fe·
943 4680 1086 4751 superbus,
1100 4683 1171 4738 urrdc
1184 4682 1270 4740 lseias
1287 4703 1295 4740 r
1312 4684 1372 4738 Erit
1382 4687 1467 4743 cubile
1479 4691 1624 4748 draconum
1639 4705 1663 4749 ει
1678 4711 1727 4765 pa·

113 4787 171 4831 crus
185 4794 211 4831 ρ,
227 4781 312 4833 ,ocsus
326 4781 436 4845 rapiet„
450 4779 476 4835 id
488 4788 529 4836 ρει
541 4781 712 4852 pingueainis
727 4781 813 4836 olirae,
829 4783 833 4790 ’
942 4774 1190 4830 reuertrutlriunum
1200 4777 1364 4834 etdoemonie
1376 4793 1513 4836 occurrent
1523 4788 1724 4848 ‹irrorenteuris,·

148 4865 220 4933 utta,
233 4872 348 4939 proprie.
364 4870 555 4926 Dicituretiam
567 4870 689 4935 reiectio,
701 4870 773 4928 unde
786 4870 868 4927 Dauid
883 4891 890 4928 :
942 4881 992 4935 bet
1005 4866 1138 4923 dracones
1147 4868 1261 4937 mulitia,
1275 4886 1323 4941 per
1334 4874 1502 4931 struthiones
1513 4876 1667 4949 hypocrisis
1681 4878 1725 4931 dc·

114 4960 192 5018 ileeb
211 4962 265 5017 ullu
276 4965 339 5032 spei.
357 4963 477 5022 Ecclesia
493 4966 565 5020 enim
587 4964 721 5036 spirituaii
744 4964 893 5022 reiectione
942 4957 1075 5029 signatur.
1089 4958 1119 5015 ln
1133 4976 1261 5032 perversa
1280 4964 1364 5036 igitur
1386 4975 1477 5023 mente
1494 4970 1578 5024 druco
1597 4968 1678 5023 cubat
1698 4980 1725 5024 et

114 5051 243 5120 relicitur,
256 5054 366 5124 quarrdo
382 5066 525 5124 peccator,
538 5057 584 5128 qui
596 5071 644 5128 per
658 5055 738 5112 iloni)
749 5059 891 5129 liguratur,
942 5050 1062 5107 struthio
1075 5053 1208 5123 pascitur,
1224 5056 1289 5127 qttiu
1305 5068 1331 5113 cl
1350 5060 1438 5116 latens
1457 5060 1560 5115 malitia
1575 5059 1673 5115 callide
1686 5071 1725 5117 le·

113 5144 147 5200 ad
165 5143 243 5199 fldem
257 5147 433 5200 convertitur,
446 5147 549 5205 {ticinus
559 5149 699 5221 quodlibet
710 5152 818 5206 narnate
832 5166 890 5218 cor,
943 5144 1025 5215 gitur,
1037 5152 1064 5200 et
1074 5146 1238 5204 intuentium
1250 5152 1337 5208 oculis
1349 5152 1487 5209 simulatio
1500 5152 1631 5209 bonitatis
1649 5165 1727 5210 aute-

114 5236 185 5291 unde
209 5236 360 5305 propheta:
383 5235 635 5296 Oliarrrrrrccemam
656 5241 689 5296 ab
710 5241 892 5314 aquiloneegn
942 5233 1045 5304 serltlt'3
1062 5250 1338 5308 Wonownidurum
1351 5243 1447 5299 lubrici
1463 5252 1491 5297 ei
1501 5243 1565 5299 elati
1580 5243 1727 5317 designati·

114 5329 265 5385 uidee.0lla
276 5345 407 5385 succensa
418 5339 515 5387 cstcor
526 5333 707 5390 humanarum
720 5333 891 5391 secularium
942 5337 1005 5397 tur;
1028 5345 1091 5386 ottob
1112 5332 1187 5387 enim
1206 5333 1307 5401 Graeoc,
1332 5323 1543 5390 Latine'ett'ttttt
1563 5335 1675 5393 dicitur.
1693 5337 1727 5395 Et
1809 5327 1813 5332 ’

113 5436 241 5477 curarum
254 5422 398 5477 ardoribus
413 5423 627 5496 insidiarumque
644 5428 827 5484 anxietatibus
839 5427 893 5483 ier·
943 5420 1052 5478 ¹¹¹¹l¹li³
1064 5437 1112 5493 Del
1126 5424 1233 5481 ³⁸i¹¹¹¹¹1¹
1248 5427 1394 5499 ssti¹¹l³l¹¹li
1412 5428 1482 5483 tauri
1502 5428 1575 5485 euim
1593 5430 1726 5486 V⁰i³b¹¹¹i

113 5528 190 5570 vens.
215 5513 257 5568 Ab
285 5513 421 5583 aquilonis
445 5530 508 5570 nero
527 5516 697 5577 iacieeordis
713 5521 825 5576 numani
838 5520 892 5576 otta
943 5515 1181 5589 cerrixsuperbiae
1194 5520 1370 5592 designatum
1386 5520 1563 5576 onocentauri
1579 5537 1644 5593 ergo
1662 5529 1727 5577 sunt

113 5603 370 5671 succenditur,eunr
387 5622 434 5676 per
454 5606 652 5677 instigationem
667 5612 814 5668 adversarii
835 5612 892 5682 spi·
943 5608 990 5678 qui
1009 5608 1121 5679 subjecti
1144 5610 1258 5666 lurrnire
1281 5613 1364 5681 uitiis,
1387 5613 1449 5670 inde
1469 5617 1602 5672 ecrrieem
1618 5616 1728 5689 erigunt

114 5692 183 5752 ritus
200 5694 301 5753 illicitis
314 5697 453 5756 desideriis
466 5698 657 5759 inflammatur.
673 5702 776 5760 Dicitur
789 5704 887 5760 simili·
945 5703 1016 5759 unde
1028 5703 1165 5760 iruurilieri
1178 5705 1346 5773 debuerunt;
1361 5708 1553 5767 onocentauris
1566 5718 1657 5768 sumtu
1675 5709 1727 5768 dte·
