3992 6042
139 228 194 289 823
691 224 1005 288 enrichidnmlittn
1024 258 1058 269 -
1078 229 1143 286 titt.
1166 230 1207 287 li.
1707 230 1760 289 520

139 351 197 409 Cor
211 348 332 408 uolucris
343 350 433 407 ceteri
446 364 598 424 pennarum
612 347 718 421 remige
730 358 789 405 tuta
802 358 804 365 ’

139 442 251 499 Plumae
267 442 295 498 in
314 459 415 511 remos,
432 444 490 500 alas
509 444 537 498 in
557 443 671 499 carbasa
686 441 800 514 lingens,

139 533 305 591 Trarrsrucat
317 535 421 590 aerium
437 534 549 605 pelagus
562 533 642 604 quasi
658 534 736 589 naris
751 534 852 603 imago,

139 625 175 683 Et
187 626 247 682 sine
263 623 408 698 naufragio
421 624 502 680 talem
520 626 669 697 pertransit
686 625 826 696 abyssum,

139 716 222 788 Tuta,
237 734 288 775 nec
307 718 335 773 in
349 717 395 774 tali
410 718 506 789 pelago
520 718 597 774 timet
619 717 665 773 illa
681 716 853 790 charybdim.

448 809 563 866 cient
583 809 616 866 ll.

940 351 964 408 h
976 344 1044 407 Esse
1054 349 1130 420 cupit
1141 348 1239 419 maior,
1256 357 1285 404 et
1300 362 1330 405 se
1344 363 1473 419 superare
1485 348 1600 419 laborat,

975 437 1062 506 Quod.
1069 439 1137 511 petit
1147 440 1289 508 amittens,
1303 440 1421 511 perdens
1434 441 1563 512 postulat,
1577 452 1675 512 optans

975 531 1053 600 Quod
1069 532 1119 588 sibi
1134 532 1275 599 mentitur,
1290 530 1389 589 laisum
1404 543 1520 590 senatur
1536 535 1682 590 honorem.

976 622 1038 681 llaec
1052 625 1137 697 pestis
1152 634 1257 681 rectum
1272 626 1360 692 vitiat,
1375 628 1501 699 deturpat
1515 629 1674 693 honestum,

976 713 1132 772 Fermentat
1146 732 1247 784 mores,
1259 716 1366 789 justum
1381 716 1468 788 lugat,
1480 720 1546 775 utile
1561 719 1661 790 perdit.

974 806 1038 865 lime
1060 809 1183 866 saliunca
1197 826 1285 877 rosas,
1299 811 1360 867 ltaec
1375 811 1462 867 nubes
1480 813 1586 868 nubilat
1598 822 1672 869 astra

117 896 125 913 ‘
175 902 324 961 Prudentia
341 904 489 961 consideret
507 904 616 976 spiritus
634 906 661 959 in
677 921 736 962 ocre
753 914 886 978 reportes.
974 899 1123 965 Virtutum,
1139 901 1219 971 cujus
1236 901 1356 958 tenebris
1367 901 1653 974 patiuntureelipsin.

138 995 220 1052 Acris
233 997 356 1055 occultos
368 996 469 1064 aditus,
485 1007 601 1065 secreta,
623 996 742 1054 latebras

138 1088 229 1146 Altius
242 1090 356 1161 inquirit
369 1088 523 1162 phronesis,
542 1105 679 1162 sensuque
699 1088 837 1161 profundo

140 1179 285 1255 vestigans
299 1183 373 1239 ridet
392 1184 491 1239 intuitu
510 1183 625 1239 meliore
636 1193 767 1256 vagantes

140 1273 237 1331 Aerios
250 1277 334 1341 eires,
349 1276 449 1346 quibus
460 1289 508 1332 aer
528 1290 633 1343 carcer,
648 1275 764 1347 abyssus

139 1364 225 1423 Poeua
242 1365 321 1421 dolor
333 1366 416 1435 risus,
429 1380 505 1422 mors
517 1364 617 1435 rivere,
632 1367 712 1438 culpa
723 1364 895 1438 triumphum

121 1454 262 1526 ·0norum
278 1474 356 1515 mens
370 1459 468 1515 humili
482 1460 578 1517 livoris
592 1460 655 1515 laesa
668 1475 773 1517 veneno

139 1546 169 1605 ln
183 1566 268 1623 genus
280 1551 431 1609 humanum
446 1554 523 1610 uirus
538 1552 715 1621 transfundit,
733 1562 764 1610 ut
780 1554 870 1625 ipsum

139 1642 281 1699 Consimih
297 1645 375 1700 sanie
385 1646 537 1718 morboque
550 1646 653 1703 laboret
663 1646 771 1703 eodem.

139 1732 173 1789 lli
186 1740 250 1790 sunt
261 1735 308 1806 qui
321 1750 428 1807 semper
438 1736 465 1793 in
478 1753 529 1795 uos
541 1747 696 1807 armantur,
709 1740 827 1795 inermes

138 1825 286 1898 Delicium,
300 1827 414 1885 rincum
428 1837 560 1898 armatos,
573 1831 663 1886 rarius
675 1831 727 1902 ipsi

137 1917 256 1986 Cedunt,
269 1920 317 1977 scd
329 1921 393 1977 vieti
408 1931 547 1993 nequeunt
565 1922 664 1978 iterare
684 1921 815 1979 duellum.

138 2010 192 2080 Qut
205 2014 280 2069 uelut
290 2015 365 2070 aerio
377 2014 468 2070 restiti
481 2029 607 2086 corpore,
621 2024 744 2072 nostram

136 2102 245 2161 hientiti
259 2106 391 2177 speciem,
404 2108 491 2163 multo
505 2108 696 2179 phantasmate
708 2109 804 2166 brutos

973 991 1049 1049 Luce
1069 993 1121 1049 hac
1139 994 1258 1050 coelestis
1272 994 1347 1065 regni
1363 994 1533 1065 proscriptus
1548 996 1582 1048 ab
1602 995 1664 1050 aula
1744 996 1746 1001 '

902 1102 906 1107 ’
973 1085 1108 1142 Delictum
1123 1086 1173 1142 luit
1184 1087 1293 1155 exsilio,
1307 1102 1443 1159 poenaque
1461 1096 1567 1144 reatum

973 1178 1095 1250 Angelus
1109 1192 1123 1233 a
1137 1180 1247 1250 propria
1260 1167 1396 1237 demissus
1410 1180 1485 1248 sede,
1502 1189 1611 1237 tumore

973 1268 1101 1337 Fructus,
1117 1270 1239 1341 dejectus
1254 1269 1434 1338 sustulimus
1448 1271 1567 1327 solutus.

1279 1385 1394 1441 ternu
1410 1384 1455 1444 vt.

973 1471 1131 1546 Supremam
1158 1478 1227 1531 ueris
1253 1479 1384 1549 regionem
1411 1480 1503 1534 uisitur
1522 1478 1681 1537 Prudentia.
1704 1482 1760 1536 Arx

1010 1546 1075 1601 solis
1103 1547 1271 1602 describitur.
1306 1548 1415 1619 Spboero
1453 1549 1559 1605 Verteris
1587 1551 1759 1609 describitur.

1011 1615 1117 1673 sittim
1129 1627 1167 1673 est
1182 1618 1410 1675 cellarierum:
1432 1619 1543 1691 Splroeru
1558 1621 1696 1679 Mercurii.

937 1704 1053 1789 ”neris
1074 1748 1191 1789 excurso
1203 1733 1304 1804 spatio,
1320 1749 1375 1805 quo
1389 1735 1483 1790 nubila
1502 1738 1564 1793 eceli

972 1823 1059 1881 noete
1073 1840 1123 1881 sua
1138 1834 1232 1881 texunt
1245 1826 1386 1894 tenebras,
1402 1842 1457 1898 quo
1470 1830 1586 1898 pendula
1602 1831 1689 1889 nubes

972 1918 1055 1992 363
1073 1917 1102 1974 ln
1114 1933 1145 1974 se
1156 1920 1228 1990 cogit
1241 1933 1346 1990 aquas,
1362 1922 1417 1990 qim
1432 1920 1573 1992 grandinis
1593 1922 1696 1994 ingruit
1707 1924 1760 1979 iin-

1653 2015 1723 2090 [ber.

973 2116 1034 2173 uuo
1048 2112 1156 2160 certant
1167 2104 1252 2172 renti,
1266 2119 1322 2176 quo
1335 2104 1460 2163 fulminis
1471 2106 1512 2163 ira
1530 2109 1667 2164 tumescit.

134 2196 219 2271 302
236 2197 373 2253 Deludunt
390 2198 525 2267 homines,
544 2198 607 2256 ialsi
621 2201 732 2272 uerique
745 2201 884 2272 sophista.
973 2196 1088 2254 AEtbera
1107 2195 1307 2269 transgreditur
1327 2197 1488 2268 phronesis,
1505 2214 1560 2270 quo
1581 2201 1669 2270 gratia
1683 2201 1761 2271 pacis

135 2288 167 2344 ln
183 2288 303 2345 tenebris
317 2289 406 2345 lucem
420 2289 603 2357 simulantia
617 2290 665 2346 lite
676 2291 806 2362 quietem,

134 2380 318 2438 Abscondunt
332 2381 384 2437 sub
398 2397 465 2453 pace
485 2382 575 2449 dolos,
589 2382 617 2438 in
633 2380 695 2440 telle
708 2382 828 2455 dgurant

137 2473 243 2541 Dulcia,
257 2475 309 2531 sub
321 2476 412 2545 specie
423 2476 490 2533 recti
504 2475 597 2533 uitiata
609 2477 765 2549 propinant.

136 2563 195 2624 llos
206 2566 278 2623 lleus
293 2582 353 2624 esse
368 2567 434 2625 deos
449 2567 524 2638 lecit,
536 2583 607 2639 quos
617 2568 720 2646 lunrine
736 2585 800 2626 reru

138 2654 209 2714 Vera
227 2658 286 2714 dies
297 2657 426 2730 pertudit,
440 2676 510 2731 quos
524 2661 558 2717 ab
571 2662 677 2733 origine
693 2661 781 2731 prima

138 2747 255 2805 Vestirit
268 2749 377 2807 deitatis
395 2751 495 2819 honor,
508 2754 556 2824 qui
569 2754 630 2810 lucc
641 2754 735 2810 relicta

137 2837 169 2896 ln
188 2841 312 2897 tenebras
326 2841 418 2899 abiere
434 2859 517 2912 suas;
531 2846 578 2916 qui
593 2846 669 2902 iente
683 2845 780 2902 relicto

138 2931 242 2990 lnierni
254 2934 356 3005 petiere
367 2935 461 3005 lacus,
476 2938 525 3021 qui
539 2948 614 2994 veste
628 2939 737 2995 decoris

138 3024 233 3095 Exuti,
247 3037 349 3085 restem
365 3029 492 3100 gemitus,
506 3045 670 3101 saccumque
688 3030 791 3087 doloris

137 3118 258 3190 Inieeere
270 3120 323 3177 sibi
333 3138 341 3188 ;
353 3120 400 3191 qui
417 3122 560 3191 majestate
581 3138 702 3194 superna

138 3212 252 3285 Dejecti,
265 3213 325 3270 sine
336 3213 390 3270 tine
401 3214 452 3269 sibi
463 3229 590 3270 meruere
606 3215 725 3271 ruinam.

138 3304 264 3379 0graris
277 3316 401 3376 euentus,
416 3323 498 3365 casus
512 3308 605 3376 miser,
618 3309 700 3364 unica
713 3310 813 3379 pestisl

137 3397 198 3454 lam
210 3399 293 3455 seruit
306 3400 355 3472 qni
367 3400 435 3455 liber
454 3410 522 3468 erat,
539 3402 676 3459 mendicat
690 3404 834 3459 abundans

137 3488 190 3557 Qui
203 3489 266 3558 luit,
278 3491 404 3547 exsilium
416 3494 518 3563 patitur
535 3493 581 3563 qui
593 3494 698 3564 primus
709 3495 736 3549 in
753 3494 814 3549 aula

137 3581 289 3655 Regnabat,
306 3584 408 3654 patitur
421 3600 516 3654 poenas
533 3601 549 3640 a
565 3602 629 3657 rege
642 3587 788 3643 secundus.

138 3673 196 3731 iloc
210 3691 277 3732 casu
290 3674 320 3731 lit
335 3690 441 3747 gemma
451 3677 550 3742 lutum,
568 3677 598 3731 lit
610 3693 731 3747 purpura
748 3694 856 3744 saccus,

137 3766 198 3824 Lux
212 3768 340 3836 mnebrae,
355 3770 460 3840 species
475 3767 611 3837 conlusio,
627 3769 714 3840 gloria
732 3786 824 3837 casus,

137 3861 222 3919 Risus
235 3864 371 3930 tristities,
390 3864 499 3935 requies
514 3863 604 3929 labor,
617 3864 678 3935 alga
691 3863 866 3935 hiacynthus.

137 3955 262 4013 Coelestis
277 3957 318 4012 sic
334 3955 411 4011 stella
426 3955 509 4019 cadit,
525 3953 689 4027 sictbucilcr
705 3964 784 4010 ortus

135 4048 253 4106 Nescius
265 4063 364 4105 occasu
382 4047 524 4118 premitur,
537 4047 577 4103 sic
588 4047 656 4104 ciris
668 4048 768 4119 olympi

137 4137 251 4195 Exsulat
267 4140 380 4210 eiectus,
394 4154 444 4195 nee
459 4148 591 4209 temperat
605 4140 707 4197 exsulis
721 4154 812 4195 omen.

138 4230 208 4302 Spes
222 4232 334 4300 reditus,
349 4247 413 4302 spes
429 4232 521 4288 omnis
533 4233 620 4298 abest,
638 4232 764 4303 ceditque
779 4232 871 4288 timori

136 4318 261 4380 (liastus
279 4324 390 4380 vitanda
404 4324 475 4389 lues,
490 4322 617 4395 fugienda
633 4325 790 4397 charybdis,

973 2288 1089 2345 Surnma
1104 2289 1188 2361 uiget,
1201 2303 1256 2360 qno
1270 2299 1345 2361 grata
1360 2290 1454 2360 quies,
1470 2306 1525 2361 quo
1541 2292 1645 2363 gratior
1655 2308 1722 2349 aura

972 2380 1078 2437 Cuncta
1094 2380 1183 2449 toret,
1198 2397 1254 2452 quo
1268 2391 1367 2439 cuneta
1383 2383 1479 2449 silent,
1494 2398 1549 2454 quo
1564 2385 1659 2453 purior
1674 2387 1760 2442 aether

972 2471 1065 2541 Ridet,
1079 2482 1107 2529 et
1119 2473 1231 2546 expellit
1245 2474 1354 2542 detum3
1369 2490 1424 2545 quo
1439 2474 1551 2531 nubilus
1564 2491 1613 2532 aer

972 2564 1099 2638 ingemit,
1121 2575 1148 2623 et
1162 2574 1236 2623 totus
1250 2582 1351 2623 arcano
1366 2567 1469 2624 lumine
1480 2568 1570 2625 tloret.

972 2658 1110 2715 AEtherem
1124 2658 1193 2714 lucis
1204 2659 1340 2729 superatis
1358 2659 1527 2728 tractatibus,
1543 2659 1589 2716 illa

971 2752 1061 2808 Altius
1074 2752 1225 2823 ingreditur
1239 2751 1370 2822 spatium,
1387 2767 1443 2822 qno
1462 2752 1591 2825 splendor
1605 2761 1633 2807 et
1650 2752 1723 2824 ignis

971 2842 1038 2902 Jura
1056 2854 1158 2912 tenent,
1173 2846 1218 2901 lux
1230 2855 1307 2917 grata
1322 2846 1415 2911 micat,
1428 2845 1475 2901 sed
1490 2846 1607 2919 conjuga
1622 2847 1676 2904 luci

972 2937 1057 2994 Lucis
1068 2938 1216 2994 blanditias
1227 2938 1344 2993 retrahit
1358 2938 1400 2993 uis
1414 2937 1473 3008 ipsa
1486 2938 1599 2997 caloris.

935 3043 956 3101 c
971 3029 1123 3087 llicrerum
1139 3031 1256 3096 nouitas,
1270 3045 1360 3085 rerum
1374 3031 1468 3098 decus,
1481 3032 1563 3087 unica
1582 3048 1675 3088 rerum

971 3118 1082 3185 Forma,
1101 3119 1184 3174 decor
1197 3119 1306 3187 mnndi,
1320 3120 1409 3173 uisum
1424 3120 1560 3177 demulcet
1578 3124 1669 3178 euntis

970 3205 1106 3281 virginis,
1118 3218 1145 3264 et
1164 3219 1261 3266 cantus
1275 3211 1381 3280 speeies
1396 3227 1465 3266 nora
1483 3213 1600 3270 inebriat
1610 3216 1633 3248 ⁸⁶
1649 3232 1754 3274 aurem.

971 3294 1025 3352 Sed
1036 3312 1119 3367 pareo
1141 3306 1231 3354 tamen
1253 3301 1347 3355 auditu
1363 3302 1510 3372 sonituque
1526 3305 1633 3360 minore

969 3385 1096 3459 Concipit
1107 3388 1152 3444 illa
1166 3406 1275 3458 sonum,
1291 3400 1364 3449 certa
1379 3404 1469 3449 tamen
1484 3394 1591 3452 imbibit
1607 3413 1683 3455 aure.

969 3479 1092 3549 Qualiter
1107 3483 1152 3538 liic
1175 3485 1282 3540 sonitus
1298 3486 1410 3541 citharae
1424 3488 1543 3545 coelestis
1560 3491 1651 3546 obesis

933 3644 937 3659 Ι
969 3569 1090 3629 Vocibus
1105 3574 1236 3645 exspirat,
1251 3575 1296 3632 ubi
1314 3577 1385 3631 lunae
1401 3577 1510 3647 sphera
1522 3581 1641 3638 remisso

971 3660 1098 3734 Suspirat
1112 3673 1204 3731 cantu,
1220 3680 1303 3722 rauce
1318 3676 1408 3736 sonat,
1425 3669 1480 3724 imo
1494 3671 1618 3726 sonando

969 3755 1043 3812 Pene
1057 3758 1128 3825 silet,
1144 3758 1310 3830 languetque
1324 3776 1437 3828 sonans,
1459 3762 1591 3833 neruique
1603 3763 1721 3833 jacentis

969 3846 1087 3905 lnierius
1102 3849 1172 3918 gerit
1188 3851 1233 3905 illa
1248 3851 1346 3918 ricem,
1361 3853 1549 3924 chordamque
1562 3856 1695 3913 minorem

970 3939 1080 4006 Reddit,
1095 3948 1123 3995 ct
1137 3940 1165 3995 in
1181 3942 1287 3997 cithara
1302 3942 1394 3997 sedem
1409 3943 1453 3997 vir
1469 3945 1514 3998 iila
1530 3955 1662 4004 merctur.

970 4031 1021 4090 ilic
1028 4033 1106 4090 -uidet
1121 4034 1249 4105 explicito
1263 4034 1322 4090 visu
1337 4035 1481 4105 prudentia
1496 4037 1569 4095 lunae

970 4127 1147 4194 Detrimenta,
1162 4128 1248 4195 uices,
1268 4145 1378 4195 cursus,
1393 4139 1543 4197 momenta,
1558 4132 1682 4203 laborem

969 4219 1113 4288 Quomodo
1125 4221 1240 4292 junctus
1254 4222 1279 4278 ei
1292 4221 1414 4280 Phoebus
1428 4225 1595 4296 depauperat
1610 4227 1684 4284 iliani

970 4313 1054 4381 Luce,
1080 4313 1122 4369 rel
1135 4325 1249 4370 econtra
1262 4312 1368 4369 Pboebo
1382 4313 1490 4369 iuratur
1503 4316 1636 4374 honorem

136 4415 223 4487 Culpa
239 4418 339 4488 grauis,
356 4416 469 4472 morbus
487 4417 652 4483 communis,
665 4416 774 4487 publica
789 4419 883 4488 pestis,
932 4384 1106 4475 Dimmidi&
1121 4416 1148 4463 θῑ
1165 4408 1280 4477 mitulos
1296 4408 1386 4463 fallaci
1400 4420 1480 4465 nocte
1492 4410 1588 4465 timere

137 4505 226 4566 lanua
238 4508 351 4579 peccati,
365 4508 495 4565 uitiorum
517 4517 614 4575 mater,
628 4510 705 4580 origo

136 4600 280 4674 llequitiae,
296 4617 388 4658 semen
405 4602 472 4667 odii,
486 4601 596 4656 renatio
610 4604 724 4672 pugnael

137 4694 204 4763 Quae
217 4695 290 4752 eadit
303 4695 464 4761 ascendens,
477 4694 548 4750 elata
563 4695 642 4765 perit,
664 4694 784 4765 peritura

136 4787 269 4861 Erigitur,
280 4796 405 4859 promota
424 4789 489 4854 ruit,
505 4788 610 4843 ruitura
623 4789 758 4844 tumescit.

137 4881 204 4950 Quae
217 4897 247 4938 se
258 4880 330 4938 ierre
340 4880 446 4953 nequit,
459 4895 541 4951 supra
554 4894 583 4936 se
595 4880 660 4945 iata,
671 4881 781 4939 ruinam

137 4973 210 5031 lnira
225 4989 255 5030 se
266 4974 379 5046 patitur,
397 4988 449 5030 uec
462 4990 523 5031 sese
534 4973 661 5042 sustinet,
672 4974 729 5030 imo

135 5066 207 5123 llole
220 5082 270 5125 sua
287 5068 430 5140 premitur,
442 5066 553 5140 proprio
565 5067 617 5122 sub
631 5066 749 5138 pondere
761 5067 847 5140 lapsa.

135 5155 220 5212 Extra
235 5171 265 5213 se
275 5157 348 5229 cogit
359 5157 497 5213 hominem
520 5172 551 5213 se
564 5172 698 5230 querere,
712 5158 777 5215 dum
792 5173 822 5215 se

134 5245 199 5303 Erit
212 5248 305 5316 bunio,
319 5246 461 5319 iactusque
479 5248 529 5304 sibi
546 5250 699 5306 contrarius
718 5265 779 5306 ase

134 5344 289 5415 lliscrepat,
314 5344 469 5412 oblitusque
481 5343 526 5399 sui
538 5357 568 5399 se
584 5344 682 5411 nescit,
694 5352 723 5400 et
740 5343 811 5401 ultra

134 5438 352 5511 'transgrediens
362 5436 453 5494 eradit
466 5436 568 5503 adhue,
582 5436 643 5507 plus
661 5450 723 5492 esse
734 5436 863 5493 laborans

133 5530 222 5604 Quam
234 5533 279 5600 sit,
291 5546 343 5588 nee
356 5528 464 5603 propria
476 5536 621 5593 contentus
633 5528 738 5602 origine
749 5544 809 5587 sese

970 4499 1061 4571 Cogit,
1076 4506 1103 4554 et
1115 4497 1228 4570 elligiem
1243 4499 1332 4555 noctis
1345 4499 1404 4555 sine
1419 4509 1499 4556 noete
1512 4500 1623 4573 ligurat.

970 4590 1107 4648 llumores
1119 4606 1168 4647 cur
1182 4591 1247 4646 luna
1260 4592 1343 4663 parit,
1357 4608 1467 4664 aequora
1482 4593 1555 4650 lrrnar

970 4682 1139 4740 Detrimenta
1158 4682 1248 4750 luunt,
1264 4682 1306 4739 rel
1321 4684 1416 4740 eadem
1433 4684 1516 4741 diuite
1529 4687 1658 4757 gaudent.

969 4776 1041 4845 Quid
1055 4785 1130 4833 nutet
1144 4775 1173 4832 iu
1187 4776 1252 4832 iuna
1266 4776 1338 4832 tuna
1351 4786 1427 4845 nota,
1442 4778 1542 4848 quidve
1553 4783 1672 4838 notando

970 4868 1075 4941 signet,
1092 4885 1144 4926 nec
1158 4878 1266 4926 munem
1282 4870 1370 4940 possit
1383 4869 1474 4927 delere
1487 4871 1597 4928 lituram

969 4960 1130 5033 Splendoris
1145 4961 1283 5030 cumulus,
1305 4963 1369 5018 dum
1384 4964 1452 5020 tonti
1472 4965 1583 5021 luminis
1597 4964 1681 5022 instat

968 5055 1056 5113 Parra
1070 5059 1139 5125 lues,
1153 5072 1204 5113 nec
1216 5056 1241 5113 ei
1254 5057 1382 5129 dignatur
1393 5059 1501 5123 cedere,
1514 5072 1577 5115 cum
1589 5072 1645 5129 qun

968 5148 1079 5222 Litigat,
1095 5157 1123 5205 et
1133 5148 1211 5209 radin
1225 5149 1295 5207 lucis
1306 5149 1433 5220 magna‘¹
1449 5149 1546 5204 umbra
1560 5146 1660 5203 diescit

968 5243 1058 5299 Altius
1072 5242 1190 5298 eradens
1211 5240 1287 5313 virgo
1299 5239 1460 5297 conscendit
1471 5239 1498 5294 in
1515 5250 1617 5303 arcem,

970 5334 1017 5391 Sol
1033 5335 1078 5390 ubi
1089 5334 1151 5404 lura
1165 5340 1249 5398 tenet,
1267 5332 1315 5387 ubi
1329 5331 1395 5388 solis
1410 5344 1505 5386 cereus
1521 5329 1608 5395 ardet,

969 5426 1090 5484 Scaturit
1101 5434 1129 5483 et
1139 5424 1209 5481 lucis
1223 5422 1285 5481 lons
1298 5422 1387 5489 uirus,
1401 5435 1469 5477 rena
1484 5419 1583 5477 caloris

967 5523 1070 5588 Manat,
1085 5519 1294 5593 splendorisque
1307 5515 1371 5573 nori
1389 5514 1535 5573 thesaurus
1547 5514 1679 5575 abundat.

769 5618 884 5680 VARIAE
901 5612 1104 5675 unctiones

169 5717 194 5753 ⁸⁸
215 5715 247 5775 V.
262 5714 454 5784 lis.,debriat.
493 5712 515 5745 δ’
534 5712 630 5783 magis.
