<?xml version="1.0" encoding="UTF-8"?>
<!DOCTYPE html PUBLIC "-//W3C//DTD XHTML 1.0 Transitional//EN"
    "http://www.w3.org/TR/xhtml1/DTD/xhtml1-transitional.dtd">
<html xmlns="http://www.w3.org/1999/xhtml" xml:lang="en" lang="en">
 <head>
  <title>
</title>
<meta http-equiv="Content-Type" content="text/html;charset=utf-8" />
  <meta name='ocr-system' content='tesseract 3.04.00' />
  <meta name='ocr-capabilities' content='ocr_page ocr_carea ocr_par ocr_line ocrx_word'/>
</head>
<body>
  <div class='ocr_page' id='page_1' title='image "./patrologiaecurs127migngoog/patrologiaecurs127migngoog_0491.png"; bbox 0 0 3992 6042; ppageno 0'>
   <div class='ocr_carea' id='block_1_1' title="bbox 134 223 1752 298">
    <p class='ocr_par' dir='ltr' id='par_1_1' title="bbox 134 223 1752 298">
     <span class='ocr_line' id='line_1_1' title="bbox 134 223 1752 298; baseline -0.013 0"><span class='ocrx_word' id='word_1_1' title='bbox 134 229 192 298; x_wconf 73' lang='lat' dir='ltr'><strong>aas</strong></span> <span class='ocrx_word' id='word_1_2' title='bbox 545 226 807 292; x_wconf 78' lang='lat' dir='ltr'><strong>utsrtttcutottus</strong></span> <span class='ocrx_word' id='word_1_3' title='bbox 824 224 1012 287; x_wconf 75' lang='lat' dir='ltr'><strong>murionum</strong></span> <span class='ocrx_word' id='word_1_4' title='bbox 1031 223 1340 285; x_wconf 71' lang='lat' dir='ltr'><strong>rituum—sartum</strong></span> <span class='ocrx_word' id='word_1_5' title='bbox 1693 228 1752 288; x_wconf 65' lang='grc' dir='ltr'><strong>ιω</strong></span> 
     </span>
    </p>
   </div>
   <div class='ocr_carea' id='block_1_2' title="bbox 132 335 1753 1522">
    <p class='ocr_par' dir='ltr' id='par_1_2' title="bbox 132 335 1753 1522">
     <span class='ocr_line' id='line_1_2' title="bbox 132 335 1750 427; baseline -0.011 -16"><span class='ocrx_word' id='word_1_6' title='bbox 132 352 293 427; x_wconf 73' lang='lat' dir='ltr'><strong>justificare,</strong></span> <span class='ocrx_word' id='word_1_7' title='bbox 305 350 389 408; x_wconf 81' lang='lat' dir='ltr'><strong>&#39;unde</strong></span> <span class='ocrx_word' id='word_1_8' title='bbox 410 346 555 407; x_wconf 84' lang='lat' dir='ltr'><strong>Psalmista</strong></span> <span class='ocrx_word' id='word_1_9' title='bbox 572 363 580 400; x_wconf 76' lang='grc' dir='ltr'><strong>ε</strong></span> <span class='ocrx_word' id='word_1_10' title='bbox 595 342 668 401; x_wconf 87' lang='lat' dir='ltr'><strong>Sana</strong></span> <span class='ocrx_word' id='word_1_11' title='bbox 688 345 805 400; x_wconf 83' lang='lat' dir='ltr'><strong>animam</strong></span> <span class='ocrx_word' id='word_1_12' title='bbox 822 356 918 408; x_wconf 76' lang='lat' dir='ltr'><strong>mam,</strong></span> <span class='ocrx_word' id='word_1_13' title='bbox 932 347 956 406; x_wconf 72' lang='grc' dir='ltr'><strong>Α</strong></span> <span class='ocrx_word' id='word_1_14' title='bbox 970 338 1016 395; x_wconf 88' lang='lat' dir='ltr'><strong>nis</strong></span> <span class='ocrx_word' id='word_1_15' title='bbox 1029 336 1131 395; x_wconf 82' lang='lat' dir='ltr'><strong>curisti</strong></span> <span class='ocrx_word' id='word_1_16' title='bbox 1147 343 1257 392; x_wconf 85' lang='lat' dir='ltr'><strong>mancat</strong></span> <span class='ocrx_word' id='word_1_17' title='bbox 1270 348 1353 407; x_wconf 86' lang='lat' dir='ltr'><strong>super</strong></span> <span class='ocrx_word' id='word_1_18' title='bbox 1366 348 1417 392; x_wconf 84' lang='lat' dir='ltr'><strong>nos</strong></span> <span class='ocrx_word' id='word_1_19' title='bbox 1430 342 1457 392; x_wconf 90' lang='lat' dir='ltr'><strong>et</strong></span> <span class='ocrx_word' id='word_1_20' title='bbox 1471 350 1555 409; x_wconf 89' lang='lat' dir='ltr'><strong>super</strong></span> <span class='ocrx_word' id='word_1_21' title='bbox 1563 335 1750 409; x_wconf 76' lang='lat' dir='ltr'><strong>posteritatem</strong></span> 
     </span>
     <span class='ocr_line' id='line_1_3' title="bbox 136 427 1749 533; baseline -0.009 -33"><span class='ocrx_word' id='word_1_22' title='bbox 136 448 201 533; x_wconf 82' lang='lat' dir='ltr'><strong>puin</strong></span> <span class='ocrx_word' id='word_1_23' title='bbox 227 445 331 516; x_wconf 85' lang='lat' dir='ltr'><strong>peccaui</strong></span> <span class='ocrx_word' id='word_1_24' title='bbox 359 441 417 497; x_wconf 79' lang='lat' dir='ltr'><strong>tibi.</strong></span> <span class='ocrx_word' id='word_1_25' title='bbox 443 438 522 496; x_wconf 80' lang='lat' dir='ltr'><strong>Notat</strong></span> <span class='ocrx_word' id='word_1_26' title='bbox 548 437 631 493; x_wconf 88' lang='lat' dir='ltr'><strong>etiam</strong></span> <span class='ocrx_word' id='word_1_27' title='bbox 656 435 824 508; x_wconf 69' lang='lat' dir='ltr'><strong>glorificare,</strong></span> <span class='ocrx_word' id='word_1_28' title='bbox 846 431 920 487; x_wconf 88' lang='lat' dir='ltr'><strong>unde</strong></span> <span class='ocrx_word' id='word_1_29' title='bbox 968 439 1105 489; x_wconf 85' lang='lat' dir='ltr'><strong>nostram.</strong></span> <span class='ocrx_word' id='word_1_30' title='bbox 1120 429 1225 486; x_wconf 92' lang='lat' dir='ltr'><strong>Dicitur</strong></span> <span class='ocrx_word' id='word_1_31' title='bbox 1242 427 1363 485; x_wconf 80' lang='lat' dir='ltr'><strong>uindicta</strong></span> <span class='ocrx_word' id='word_1_32' title='bbox 1377 443 1439 501; x_wconf 86' lang='lat' dir='ltr'><strong>quae</strong></span> <span class='ocrx_word' id='word_1_33' title='bbox 1461 428 1581 486; x_wconf 86' lang='lat' dir='ltr'><strong>exerceri</strong></span> <span class='ocrx_word' id='word_1_34' title='bbox 1602 430 1671 486; x_wconf 87' lang='lat' dir='ltr'><strong>solet</strong></span> <span class='ocrx_word' id='word_1_35' title='bbox 1686 446 1749 487; x_wconf 86' lang='lat' dir='ltr'><strong>san·</strong></span> 
     </span>
     <span class='ocr_line' id='line_1_4' title="bbox 136 521 1750 607; baseline -0.008 -14"><span class='ocrx_word' id='word_1_36' title='bbox 136 537 291 607; x_wconf 75' lang='lat' dir='ltr'><strong>uroplreta:</strong></span> <span class='ocrx_word' id='word_1_37' title='bbox 307 533 379 590; x_wconf 90' lang='lat' dir='ltr'><strong>Sana</strong></span> <span class='ocrx_word' id='word_1_38' title='bbox 392 529 576 601; x_wconf 87' lang='lat' dir='ltr'><strong>mc,Domine,</strong></span> <span class='ocrx_word' id='word_1_39' title='bbox 589 535 614 583; x_wconf 88' lang='lat' dir='ltr'><strong>ct</strong></span> <span class='ocrx_word' id='word_1_40' title='bbox 629 525 754 582; x_wconf 77' lang='lat' dir='ltr'><strong>sanabor.</strong></span> <span class='ocrx_word' id='word_1_41' title='bbox 968 523 1060 596; x_wconf 87' lang='lat' dir='ltr'><strong>guinis</strong></span> <span class='ocrx_word' id='word_1_42' title='bbox 1080 522 1227 589; x_wconf 79' lang='lat' dir='ltr'><strong>allusione,</strong></span> <span class='ocrx_word' id='word_1_43' title='bbox 1248 521 1321 578; x_wconf 84' lang='lat' dir='ltr'><strong>unde</strong></span> <span class='ocrx_word' id='word_1_44' title='bbox 1347 521 1426 579; x_wconf 65' lang='lat' dir='ltr'><strong>Daue</strong></span> <span class='ocrx_word' id='word_1_45' title='bbox 1447 542 1454 579; x_wconf 94' lang='lat'><strong>:</strong></span> <span class='ocrx_word' id='word_1_46' title='bbox 1473 521 1615 578; x_wconf 84' lang='lat' dir='ltr'><strong>lnairiaio</strong></span> <span class='ocrx_word' id='word_1_47' title='bbox 1636 525 1750 596; x_wconf 81' lang='lat' dir='ltr'><strong>rapinas</strong></span> 
     </span>
     <span class='ocr_line' id='line_1_5' title="bbox 174 614 1750 696; baseline -0.004 -15"><span class='ocrx_word' id='word_1_48' title='bbox 174 626 349 696; x_wconf 71' lang='lat' dir='ltr'><strong>Sanctificare</strong></span> <span class='ocrx_word' id='word_1_49' title='bbox 362 631 437 681; x_wconf 90' lang='lat' dir='ltr'><strong>notat</strong></span> <span class='ocrx_word' id='word_1_50' title='bbox 454 630 578 678; x_wconf 88' lang='lat' dir='ltr'><strong>sanctum</strong></span> <span class='ocrx_word' id='word_1_51' title='bbox 588 618 687 685; x_wconf 86' lang='lat' dir='ltr'><strong>lacere,</strong></span> <span class='ocrx_word' id='word_1_52' title='bbox 696 615 803 675; x_wconf 85' lang='lat' dir='ltr'><strong>unduin</strong></span> <span class='ocrx_word' id='word_1_53' title='bbox 815 614 919 671; x_wconf 87' lang='lat' dir='ltr'><strong>Joaune</strong></span> <span class='ocrx_word' id='word_1_54' title='bbox 968 631 1041 670; x_wconf 86' lang='lat' dir='ltr'><strong>meas</strong></span> <span class='ocrx_word' id='word_1_55' title='bbox 1054 615 1192 685; x_wconf 83' lang='lat' dir='ltr'><strong>sanguine,</strong></span> <span class='ocrx_word' id='word_1_56' title='bbox 1211 614 1239 670; x_wconf 85' lang='lat' dir='ltr'><strong>iu</strong></span> <span class='ocrx_word' id='word_1_57' title='bbox 1251 621 1293 671; x_wconf 87' lang='lat' dir='ltr'><strong>est</strong></span> <span class='ocrx_word' id='word_1_58' title='bbox 1305 615 1442 673; x_wconf 85' lang='lat' dir='ltr'><strong>daemones</strong></span> <span class='ocrx_word' id='word_1_59' title='bbox 1464 618 1574 689; x_wconf 90' lang='lat' dir='ltr'><strong>puniam</strong></span> <span class='ocrx_word' id='word_1_60' title='bbox 1589 618 1750 688; x_wconf 85' lang='lat' dir='ltr'><strong>gravissima</strong></span> 
     </span>
     <span class='ocr_line' id='line_1_6' title="bbox 138 706 1751 787; baseline -0.006 -13"><span class='ocrx_word' id='word_1_61' title='bbox 138 733 171 774; x_wconf 91' lang='lat' dir='ltr'><strong>oc</strong></span> <span class='ocrx_word' id='word_1_62' title='bbox 185 717 296 773; x_wconf 84' lang='lat' dir='ltr'><strong>Christo</strong></span> <span class='ocrx_word' id='word_1_63' title='bbox 315 716 413 787; x_wconf 88' lang='lat' dir='ltr'><strong>legitur</strong></span> <span class='ocrx_word' id='word_1_64' title='bbox 429 713 502 785; x_wconf 84' lang='lat' dir='ltr'><strong>quod</strong></span> <span class='ocrx_word' id='word_1_65' title='bbox 516 712 597 767; x_wconf 82' lang='lat' dir='ltr'><strong>Pater</strong></span> <span class='ocrx_word' id='word_1_66' title='bbox 614 710 790 780; x_wconf 80' lang='lat' dir='ltr'><strong>sanctificarit</strong></span> <span class='ocrx_word' id='word_1_67' title='bbox 807 717 830 763; x_wconf 87' lang='grc' dir='ltr'><strong>ει</strong></span> <span class='ocrx_word' id='word_1_68' title='bbox 846 707 919 761; x_wconf 87' lang='lat' dir='ltr'><strong>misit</strong></span> <span class='ocrx_word' id='word_1_69' title='bbox 968 723 1060 780; x_wconf 81' lang='lat' dir='ltr'><strong>poeua.</strong></span> <span class='ocrx_word' id='word_1_70' title='bbox 1076 707 1181 763; x_wconf 78' lang='lat' dir='ltr'>Dicitur</span> <span class='ocrx_word' id='word_1_71' title='bbox 1198 706 1296 761; x_wconf 85' lang='lat' dir='ltr'><strong>cll&#39;usio</strong></span> <span class='ocrx_word' id='word_1_72' title='bbox 1310 708 1459 778; x_wconf 71' lang='lat' dir='ltr'><strong>sanguinis,</strong></span> <span class='ocrx_word' id='word_1_73' title='bbox 1472 710 1544 765; x_wconf 89' lang='lat' dir='ltr'><strong>unde</strong></span> <span class='ocrx_word' id='word_1_74' title='bbox 1559 708 1644 767; x_wconf 84' lang='lat' dir='ltr'><strong>Dauid</strong></span> <span class='ocrx_word' id='word_1_75' title='bbox 1659 727 1667 764; x_wconf 82' lang='lat' dir='ltr'><strong><em>z</em></strong></span> <span class='ocrx_word' id='word_1_76' title='bbox 1684 710 1751 776; x_wconf 83' lang='lat' dir='ltr'><strong>Qua</strong></span> 
     </span>
     <span class='ocr_line' id='line_1_7' title="bbox 137 797 1748 877; baseline -0.007 -11"><span class='ocrx_word' id='word_1_77' title='bbox 137 814 167 866; x_wconf 89' lang='lat' dir='ltr'><strong>in</strong></span> <span class='ocrx_word' id='word_1_78' title='bbox 179 811 315 865; x_wconf 73' lang='lat' dir='ltr'><strong>mucidum.</strong></span> <span class='ocrx_word' id='word_1_79' title='bbox 329 808 585 877; x_wconf 76' lang='lat' dir='ltr'><strong>Notatconfirmare,</strong></span> <span class='ocrx_word' id='word_1_80' title='bbox 597 805 668 861; x_wconf 93' lang='lat' dir='ltr'><strong>unde</strong></span> <span class='ocrx_word' id='word_1_81' title='bbox 678 804 708 858; x_wconf 90' lang='lat' dir='ltr'><strong>iu</strong></span> <span class='ocrx_word' id='word_1_82' title='bbox 721 802 834 858; x_wconf 86' lang='lat' dir='ltr'><strong>llattlr.:</strong></span> <span class='ocrx_word' id='word_1_83' title='bbox 850 798 920 856; x_wconf 88' lang='lat' dir='ltr'><strong>San·</strong></span> <span class='ocrx_word' id='word_1_84' title='bbox 969 799 1055 854; x_wconf 81' lang='lat' dir='ltr'><strong>tilitas</strong></span> <span class='ocrx_word' id='word_1_85' title='bbox 1067 798 1096 852; x_wconf 91' lang='lat' dir='ltr'><strong>in</strong></span> <span class='ocrx_word' id='word_1_86' title='bbox 1115 797 1243 868; x_wconf 74' lang='lat' dir='ltr'><strong>sanquine</strong></span> <span class='ocrx_word' id='word_1_87' title='bbox 1256 812 1325 862; x_wconf 86' lang='lat' dir='ltr'><strong>mco,</strong></span> <span class='ocrx_word' id='word_1_88' title='bbox 1346 797 1375 853; x_wconf 89' lang='lat' dir='ltr'><strong>id</strong></span> <span class='ocrx_word' id='word_1_89' title='bbox 1399 807 1442 854; x_wconf 85' lang='lat' dir='ltr'><strong>cst</strong></span> <span class='ocrx_word' id='word_1_90' title='bbox 1463 800 1490 854; x_wconf 91' lang='lat' dir='ltr'><strong>in</strong></span> <span class='ocrx_word' id='word_1_91' title='bbox 1513 799 1655 872; x_wconf 76' lang='lat' dir='ltr'><strong>sanguinis</strong></span> <span class='ocrx_word' id='word_1_92' title='bbox 1677 798 1748 856; x_wconf 80' lang='lat' dir='ltr'><strong>effu·</strong></span> 
     </span>
     <span class='ocr_line' id='line_1_8' title="bbox 139 889 1750 975; baseline -0.007 -15"><span class='ocrx_word' id='word_1_93' title='bbox 139 906 271 975; x_wconf 71' lang='lat' dir='ltr'><strong>ctificetar</strong></span> <span class='ocrx_word' id='word_1_94' title='bbox 291 918 383 958; x_wconf 89' lang='lat' dir='ltr'><strong>nomen</strong></span> <span class='ocrx_word' id='word_1_95' title='bbox 408 911 493 966; x_wconf 89' lang='lat' dir='ltr'><strong>tuum,</strong></span> <span class='ocrx_word' id='word_1_96' title='bbox 511 899 538 955; x_wconf 86' lang='lat' dir='ltr'><strong>id</strong></span> <span class='ocrx_word' id='word_1_97' title='bbox 561 906 604 954; x_wconf 88' lang='lat' dir='ltr'><strong>cst</strong></span> <span class='ocrx_word' id='word_1_98' title='bbox 622 897 799 953; x_wconf 77' lang='lat' dir='ltr'><strong>confirmetur</strong></span> <span class='ocrx_word' id='word_1_99' title='bbox 818 907 919 949; x_wconf 88' lang='lat' dir='ltr'><strong>nomen</strong></span> <span class='ocrx_word' id='word_1_100' title='bbox 969 890 1056 947; x_wconf 88' lang='lat' dir='ltr'><strong>sione.</strong></span> <span class='ocrx_word' id='word_1_101' title='bbox 1071 889 1176 946; x_wconf 89' lang='lat' dir='ltr'><strong>Dicitur</strong></span> <span class='ocrx_word' id='word_1_102' title='bbox 1189 892 1282 962; x_wconf 86' lang='lat' dir='ltr'><strong>passio</strong></span> <span class='ocrx_word' id='word_1_103' title='bbox 1296 892 1354 947; x_wconf 87' lang='lat' dir='ltr'><strong>sive</strong></span> <span class='ocrx_word' id='word_1_104' title='bbox 1370 905 1444 946; x_wconf 88' lang='lat' dir='ltr'><strong>mors</strong></span> <span class='ocrx_word' id='word_1_105' title='bbox 1457 906 1518 960; x_wconf 82' lang='lat' dir='ltr'><strong>quac</strong></span> <span class='ocrx_word' id='word_1_106' title='bbox 1531 892 1750 962; x_wconf 86' lang='lat' dir='ltr'><strong>porciiusionem</strong></span> 
     </span>
     <span class='ocr_line' id='line_1_9' title="bbox 138 978 1752 1053; baseline -0.008 -1"><span class='ocrx_word' id='word_1_107' title='bbox 138 992 315 1052; x_wconf 90' lang='lat' dir='ltr'><strong>liliatiouisin</strong></span> <span class='ocrx_word' id='word_1_108' title='bbox 333 992 423 1048; x_wconf 88' lang='lat' dir='ltr'><strong>nobis.</strong></span> <span class='ocrx_word' id='word_1_109' title='bbox 445 988 666 1045; x_wconf 87' lang='lat' dir='ltr'><strong>Notatsanctum</strong></span> <span class='ocrx_word' id='word_1_110' title='bbox 684 981 920 1052; x_wconf 66' lang='lat' dir='ltr'><strong>ostenderemus</strong></span> <span class='ocrx_word' id='word_1_111' title='bbox 969 981 1112 1052; x_wconf 72' lang='lat' dir='ltr'><strong>sanguinis</strong></span> <span class='ocrx_word' id='word_1_112' title='bbox 1126 982 1196 1038; x_wconf 91' lang='lat' dir='ltr'><strong>solet</strong></span> <span class='ocrx_word' id='word_1_113' title='bbox 1204 982 1274 1050; x_wconf 85' lang='lat' dir='ltr'><strong>fieri,</strong></span> <span class='ocrx_word' id='word_1_114' title='bbox 1284 984 1356 1039; x_wconf 78' lang='lat' dir='ltr'><strong>rande</strong></span> <span class='ocrx_word' id='word_1_115' title='bbox 1366 980 1434 1037; x_wconf 83' lang='lat' dir='ltr'><strong>tou:</strong></span> <span class='ocrx_word' id='word_1_116' title='bbox 1446 978 1520 1035; x_wconf 85' lang='lat' dir='ltr'><strong>Pulli</strong></span> <span class='ocrx_word' id='word_1_117' title='bbox 1530 982 1626 1053; x_wconf 79' lang='lat' dir='ltr'><strong>aquilae</strong></span> <span class='ocrx_word' id='word_1_118' title='bbox 1635 983 1752 1040; x_wconf 77' lang='lat' dir='ltr'><strong>luminat</strong></span> 
     </span>
     <span class='ocr_line' id='line_1_10' title="bbox 137 1070 1751 1159; baseline -0.012 -17"><span class='ocrx_word' id='word_1_119' title='bbox 137 1087 305 1159; x_wconf 80' lang='lat' dir='ltr'><strong>Apostolus:</strong></span> <span class='ocrx_word' id='word_1_120' title='bbox 322 1078 695 1153; x_wconf 73' lang='lat' dir='ltr'><strong>sanctificansliuangeiium,</strong></span> <span class='ocrx_word' id='word_1_121' title='bbox 706 1078 783 1134; x_wconf 85' lang='lat' dir='ltr'><strong>idest</strong></span> <span class='ocrx_word' id='word_1_122' title='bbox 794 1084 918 1133; x_wconf 89' lang='lat' dir='ltr'><strong>sanctum</strong></span> <span class='ocrx_word' id='word_1_123' title='bbox 969 1072 1133 1144; x_wconf 81' lang='lat' dir='ltr'><strong>sartpuiacm.</strong></span> <span class='ocrx_word' id='word_1_124' title='bbox 1153 1072 1257 1130; x_wconf 85' lang='lat' dir='ltr'><strong>Dicitur</strong></span> <span class='ocrx_word' id='word_1_125' title='bbox 1271 1072 1420 1143; x_wconf 87' lang='lat' dir='ltr'><strong>parentela,</strong></span> <span class='ocrx_word' id='word_1_126' title='bbox 1436 1072 1507 1127; x_wconf 84' lang='lat' dir='ltr'><strong>urrde</strong></span> <span class='ocrx_word' id='word_1_127' title='bbox 1522 1070 1651 1153; x_wconf 70' lang='lat' dir='ltr'><strong>Virgilius</strong></span> <span class='ocrx_word' id='word_1_128' title='bbox 1661 1076 1727 1133; x_wconf 72' lang='lat' dir='ltr'><strong>(licie</strong></span> <span class='ocrx_word' id='word_1_129' title='bbox 1742 1095 1751 1132; x_wconf 66' lang='grc' dir='ltr'><strong>ς</strong></span> 
     </span>
     <span class='ocr_line' id='line_1_11' title="bbox 134 1158 1610 1240; baseline -0.012 -3"><span class='ocrx_word' id='word_1_130' title='bbox 134 1196 199 1237; x_wconf 84' lang='grc' dir='ltr'>εεεε</span> <span class='ocrx_word' id='word_1_131' title='bbox 211 1177 366 1237; x_wconf 83' lang='lat' dir='ltr'><strong>ostendens.</strong></span> <span class='ocrx_word' id='word_1_132' title='bbox 382 1175 464 1232; x_wconf 85' lang='lat' dir='ltr'><strong>Notat</strong></span> <span class='ocrx_word' id='word_1_133' title='bbox 473 1174 622 1230; x_wconf 89' lang='lat' dir='ltr'><strong>solemnem</strong></span> <span class='ocrx_word' id='word_1_134' title='bbox 630 1180 657 1228; x_wconf 90' lang='lat' dir='ltr'><strong>et</strong></span> <span class='ocrx_word' id='word_1_135' title='bbox 666 1170 798 1227; x_wconf 84' lang='lat' dir='ltr'><strong>celebrem</strong></span> <span class='ocrx_word' id='word_1_136' title='bbox 809 1169 919 1236; x_wconf 82' lang='lat' dir='ltr'><strong>habere,</strong></span> <span class='ocrx_word' id='word_1_137' title='bbox 1150 1203 1172 1240; x_wconf 41' lang='lat'><strong>‚.</strong></span> <span class='ocrx_word' id='word_1_138' title='bbox 1192 1201 1200 1220; x_wconf 87' lang='lat'><strong>.</strong></span> <span class='ocrx_word' id='word_1_139' title='bbox 1223 1203 1231 1218; x_wconf 93' lang='lat'><strong>.</strong></span> <span class='ocrx_word' id='word_1_140' title='bbox 1251 1163 1313 1218; x_wconf 85' lang='lat' dir='ltr'><strong>Alto</strong></span> <span class='ocrx_word' id='word_1_141' title='bbox 1327 1163 1358 1219; x_wconf 81' lang='lat' dir='ltr'><strong>ae</strong></span> <span class='ocrx_word' id='word_1_142' title='bbox 1369 1164 1495 1235; x_wconf 82' lang='lat' dir='ltr'><strong>sanpuinc</strong></span> <span class='ocrx_word' id='word_1_143' title='bbox 1507 1158 1610 1220; x_wconf 81' lang='lat' dir='ltr'><strong>Teucri.</strong></span> 
     </span>
     <span class='ocr_line' id='line_1_12' title="bbox 137 1254 1752 1334; baseline -0.01 -4"><span class='ocrx_word' id='word_1_144' title='bbox 137 1275 210 1330; x_wconf 85' lang='lat' dir='ltr'><strong>uude</strong></span> <span class='ocrx_word' id='word_1_145' title='bbox 223 1272 250 1326; x_wconf 89' lang='lat' dir='ltr'><strong>in</strong></span> <span class='ocrx_word' id='word_1_146' title='bbox 262 1269 365 1326; x_wconf 73' lang='lat' dir='ltr'><strong>Eram:</strong></span> <span class='ocrx_word' id='word_1_147' title='bbox 379 1268 508 1323; x_wconf 70' lang='lat' dir='ltr'><strong>Memento</strong></span> <span class='ocrx_word' id='word_1_148' title='bbox 518 1265 684 1334; x_wconf 77' lang='lat' dir='ltr'><strong>sanctificare</strong></span> <span class='ocrx_word' id='word_1_149' title='bbox 696 1263 766 1318; x_wconf 78' lang='lat' dir='ltr'><strong>aiem</strong></span> <span class='ocrx_word' id='word_1_150' title='bbox 780 1260 900 1318; x_wconf 79' lang='lat' dir='ltr'><strong>Saliari.</strong></span> <span class='ocrx_word' id='word_1_151' title='bbox 908 1288 921 1332; x_wconf 61' lang='lat' dir='ltr'><strong>p</strong></span> <span class='ocrx_word' id='word_1_152' title='bbox 970 1255 1076 1312; x_wconf 76' lang='lat' dir='ltr'><strong>Dicitur</strong></span> <span class='ocrx_word' id='word_1_153' title='bbox 1092 1255 1198 1322; x_wconf 73' lang='lat' dir='ltr'><strong>nuum,</strong></span> <span class='ocrx_word' id='word_1_154' title='bbox 1210 1256 1275 1327; x_wconf 87' lang='lat' dir='ltr'><strong>quia</strong></span> <span class='ocrx_word' id='word_1_155' title='bbox 1298 1254 1418 1311; x_wconf 89' lang='lat' dir='ltr'><strong>colorem</strong></span> <span class='ocrx_word' id='word_1_156' title='bbox 1443 1261 1585 1325; x_wconf 76' lang='lat' dir='ltr'><strong>sanguinis</strong></span> <span class='ocrx_word' id='word_1_157' title='bbox 1606 1257 1697 1325; x_wconf 85' lang='lat' dir='ltr'><strong>habet,</strong></span> <span class='ocrx_word' id='word_1_158' title='bbox 1709 1258 1752 1314; x_wconf 85' lang='lat' dir='ltr'><strong>rel</strong></span> 
     </span>
     <span class='ocr_line' id='line_1_13' title="bbox 133 1345 1753 1426; baseline -0.008 -5"><span class='ocrx_word' id='word_1_159' title='bbox 133 1404 135 1411; x_wconf 73' lang='lat'><em>·</em></span> <span class='ocrx_word' id='word_1_160' title='bbox 173 1363 298 1420; x_wconf 75' lang='lat' dir='ltr'><strong>Sanctum</strong></span> <span class='ocrx_word' id='word_1_161' title='bbox 317 1361 422 1417; x_wconf 86' lang='lat' dir='ltr'><strong>Dicitur</strong></span> <span class='ocrx_word' id='word_1_162' title='bbox 440 1358 631 1426; x_wconf 65' lang='lat' dir='ltr'><strong>sanctificausf,</strong></span> <span class='ocrx_word' id='word_1_163' title='bbox 645 1355 719 1412; x_wconf 84' lang='lat' dir='ltr'><strong>unde</strong></span> <span class='ocrx_word' id='word_1_164' title='bbox 732 1353 806 1411; x_wconf 90' lang='lat' dir='ltr'><strong>Deus</strong></span> <span class='ocrx_word' id='word_1_165' title='bbox 821 1355 921 1411; x_wconf 84' lang='lat' dir='ltr'><strong>dicitur</strong></span> <span class='ocrx_word' id='word_1_166' title='bbox 970 1345 1035 1416; x_wconf 68' lang='lat' dir='ltr'><strong>(luis</strong></span> <span class='ocrx_word' id='word_1_167' title='bbox 1052 1353 1181 1416; x_wconf 73' lang='lat' dir='ltr'><strong>operatur</strong></span> <span class='ocrx_word' id='word_1_168' title='bbox 1194 1346 1228 1401; x_wconf 71' lang='lat' dir='ltr'><strong>sd</strong></span> <span class='ocrx_word' id='word_1_169' title='bbox 1240 1345 1492 1417; x_wconf 86' lang='lat' dir='ltr'><strong>multiplicationem</strong></span> <span class='ocrx_word' id='word_1_170' title='bbox 1512 1347 1663 1418; x_wconf 73' lang='lat' dir='ltr'><strong>sanguinis,</strong></span> <span class='ocrx_word' id='word_1_171' title='bbox 1680 1350 1753 1409; x_wconf 85' lang='lat' dir='ltr'><strong>unde</strong></span> 
     </span>
     <span class='ocr_line' id='line_1_14' title="bbox 138 1436 1752 1522; baseline -0.009 -10"><span class='ocrx_word' id='word_1_172' title='bbox 138 1464 260 1522; x_wconf 90' lang='lat' dir='ltr'><strong>sanctus,</strong></span> <span class='ocrx_word' id='word_1_173' title='bbox 282 1454 310 1510; x_wconf 83' lang='lat' dir='ltr'><strong>iti</strong></span> <span class='ocrx_word' id='word_1_174' title='bbox 328 1462 372 1509; x_wconf 91' lang='grc' dir='ltr'><strong>εει</strong></span> <span class='ocrx_word' id='word_1_175' title='bbox 392 1450 574 1509; x_wconf 88' lang='lat' dir='ltr'><strong>sauctiiicans.</strong></span> <span class='ocrx_word' id='word_1_176' title='bbox 599 1448 705 1505; x_wconf 79' lang='lat' dir='ltr'><strong>Dicitur</strong></span> <span class='ocrx_word' id='word_1_177' title='bbox 723 1446 919 1515; x_wconf 82' lang='lat' dir='ltr'><strong>sanctificatus,</strong></span> <span class='ocrx_word' id='word_1_178' title='bbox 970 1436 1107 1510; x_wconf 66' lang='lat' dir='ltr'><strong>leuitatis</strong></span> <span class='ocrx_word' id='word_1_179' title='bbox 1119 1436 1198 1493; x_wconf 73' lang='lat' dir='ltr'><strong>Daui.</strong></span> <span class='ocrx_word' id='word_1_180' title='bbox 1211 1437 1245 1493; x_wconf 78' lang='lat' dir='ltr'><strong>de</strong></span> <span class='ocrx_word' id='word_1_181' title='bbox 1257 1436 1440 1510; x_wconf 82' lang='lat' dir='ltr'><strong>ludaeisquod</strong></span> <span class='ocrx_word' id='word_1_182' title='bbox 1463 1437 1583 1493; x_wconf 75' lang='lat' dir='ltr'><strong>liberunt</strong></span> <span class='ocrx_word' id='word_1_183' title='bbox 1597 1442 1752 1512; x_wconf 82' lang='lat' dir='ltr'><strong>sauguinem</strong></span> 
     </span>
    </p>
   </div>
   <div class='ocr_carea' id='block_1_3' title="bbox 137 1528 1869 1614">
    <p class='ocr_par' dir='ltr' id='par_1_3' title="bbox 137 1528 1869 1614">
     <span class='ocr_line' id='line_1_15' title="bbox 137 1528 1869 1614; baseline -0.008 -10"><span class='ocrx_word' id='word_1_184' title='bbox 137 1549 210 1605; x_wconf 79' lang='lat' dir='ltr'><strong>trttde</strong></span> <span class='ocrx_word' id='word_1_185' title='bbox 225 1568 232 1603; x_wconf 91' lang='lat'>:</span> <span class='ocrx_word' id='word_1_186' title='bbox 249 1544 488 1602; x_wconf 73' lang='lat' dir='ltr'><strong>Exsultantsaneti</strong></span> <span class='ocrx_word' id='word_1_187' title='bbox 499 1544 528 1598; x_wconf 90' lang='lat' dir='ltr'><strong>in</strong></span> <span class='ocrx_word' id='word_1_188' title='bbox 544 1542 640 1614; x_wconf 82' lang='lat' dir='ltr'><strong>gloria.</strong></span> <span class='ocrx_word' id='word_1_189' title='bbox 654 1539 918 1611; x_wconf 85' lang='lat' dir='ltr'><strong>Dicitur&#39;prollcuus,</strong></span> <span class='ocrx_word' id='word_1_190' title='bbox 970 1529 1180 1596; x_wconf 59' lang='lat' dir='ltr'><strong>ssmssffiii&#39;milms</strong></span> <span class='ocrx_word' id='word_1_191' title='bbox 1199 1528 1228 1584; x_wconf 64' lang='grc' dir='ltr'><strong>Μ</strong></span> <span class='ocrx_word' id='word_1_192' title='bbox 1249 1538 1291 1586; x_wconf 71' lang='lat'><strong>0⁸⁸</strong></span> <span class='ocrx_word' id='word_1_193' title='bbox 1306 1530 1411 1596; x_wconf 62' lang='lat' dir='ltr'><strong>Vinum,</strong></span> <span class='ocrx_word' id='word_1_194' title='bbox 1426 1545 1493 1585; x_wconf 63' lang='grc' dir='ltr'><strong>Μ·</strong></span> <span class='ocrx_word' id='word_1_195' title='bbox 1507 1529 1612 1588; x_wconf 87' lang='lat' dir='ltr'><strong>Dicitur</strong></span> <span class='ocrx_word' id='word_1_196' title='bbox 1625 1531 1753 1590; x_wconf 78' lang='lat' dir='ltr'><strong>Ecclesiae</strong></span> <span class='ocrx_word' id='word_1_197' title='bbox 1865 1541 1869 1550; x_wconf 83' lang='lat'><strong>‘</strong></span> 
     </span>
    </p>
   </div>
   <div class='ocr_carea' id='block_1_4' title="bbox 131 1616 1754 2717">
    <p class='ocr_par' dir='ltr' id='par_1_4' title="bbox 131 1616 1754 2717">
     <span class='ocr_line' id='line_1_16' title="bbox 136 1616 1753 1695; baseline -0.01 0"><span class='ocrx_word' id='word_1_198' title='bbox 136 1639 209 1695; x_wconf 82' lang='lat' dir='ltr'><strong>unde</strong></span> <span class='ocrx_word' id='word_1_199' title='bbox 220 1636 321 1693; x_wconf 86' lang='lat' dir='ltr'><strong>David:</strong></span> <span class='ocrx_word' id='word_1_200' title='bbox 338 1634 429 1689; x_wconf 82' lang='lat' dir='ltr'><strong>Timor</strong></span> <span class='ocrx_word' id='word_1_201' title='bbox 440 1630 548 1689; x_wconf 82' lang='lat' dir='ltr'><strong>Domini</strong></span> <span class='ocrx_word' id='word_1_202' title='bbox 559 1638 666 1684; x_wconf 84' lang='lat' dir='ltr'><strong>sanctas</strong></span> <span class='ocrx_word' id='word_1_203' title='bbox 680 1635 730 1682; x_wconf 82' lang='lat' dir='ltr'><strong>cst.</strong></span> <span class='ocrx_word' id='word_1_204' title='bbox 741 1624 858 1687; x_wconf 76' lang='lat' dir='ltr'><strong>Perhoe</strong></span> <span class='ocrx_word' id='word_1_205' title='bbox 871 1639 921 1680; x_wconf 89' lang='lat' dir='ltr'><strong>er·</strong></span> <span class='ocrx_word' id='word_1_206' title='bbox 970 1619 1036 1676; x_wconf 92' lang='lat' dir='ltr'><strong>unio</strong></span> <span class='ocrx_word' id='word_1_207' title='bbox 1045 1635 1079 1676; x_wconf 85' lang='lat' dir='ltr'><strong>ex</strong></span> <span class='ocrx_word' id='word_1_208' title='bbox 1088 1620 1205 1676; x_wconf 84' lang='lat' dir='ltr'><strong>dirersis</strong></span> <span class='ocrx_word' id='word_1_209' title='bbox 1217 1621 1330 1687; x_wconf 89' lang='lat' dir='ltr'><strong>sanctis,</strong></span> <span class='ocrx_word' id='word_1_210' title='bbox 1344 1621 1418 1677; x_wconf 82' lang='lat' dir='ltr'><strong>unde</strong></span> <span class='ocrx_word' id='word_1_211' title='bbox 1431 1620 1582 1678; x_wconf 89' lang='lat' dir='ltr'><strong>Dominus:</strong></span> <span class='ocrx_word' id='word_1_212' title='bbox 1599 1621 1627 1677; x_wconf 88' lang='lat' dir='ltr'><strong><em>N</em></strong></span> <span class='ocrx_word' id='word_1_213' title='bbox 1628 1622 1661 1678; x_wconf 86' lang='lat' dir='ltr'><strong>isi</strong></span> <span class='ocrx_word' id='word_1_214' title='bbox 1676 1616 1753 1679; x_wconf 76' lang='lat' dir='ltr'><strong>anan-</strong></span> 
     </span>
     <span class='ocr_line' id='line_1_17' title="bbox 135 1695 1752 1793; baseline 0.002 -6"><span class='ocrx_word' id='word_1_215' title='bbox 135 1730 255 1788; x_wconf 87' lang='lat' dir='ltr'><strong>cluditur</strong></span> <span class='ocrx_word' id='word_1_216' title='bbox 270 1727 377 1785; x_wconf 81' lang='lat' dir='ltr'><strong>seruilis</strong></span> <span class='ocrx_word' id='word_1_217' title='bbox 399 1725 491 1793; x_wconf 91' lang='lat' dir='ltr'><strong>timor,</strong></span> <span class='ocrx_word' id='word_1_218' title='bbox 504 1722 546 1779; x_wconf 84' lang='lat' dir='ltr'><strong>rel</strong></span> <span class='ocrx_word' id='word_1_219' title='bbox 560 1719 727 1777; x_wconf 86' lang='lat' dir='ltr'><strong>mundanus.</strong></span> <span class='ocrx_word' id='word_1_220' title='bbox 751 1717 856 1775; x_wconf 86' lang='lat' dir='ltr'><strong>Dicitur</strong></span> <span class='ocrx_word' id='word_1_221' title='bbox 869 1712 916 1773; x_wconf 85' lang='lat' dir='ltr'><strong>flr-</strong></span> <span class='ocrx_word' id='word_1_222' title='bbox 932 1695 1128 1768; x_wconf 73' lang='lat' dir='ltr'><strong>Burrenum</strong></span> <span class='ocrx_word' id='word_1_223' title='bbox 1151 1729 1257 1769; x_wconf 66' lang='lat' dir='ltr'><strong>carnem</strong></span> <span class='ocrx_word' id='word_1_224' title='bbox 1281 1713 1350 1769; x_wconf 66' lang='lat' dir='ltr'><strong>Ft&#39;lt&#39;t&#39;</strong></span> <span class='ocrx_word' id='word_1_225' title='bbox 1371 1712 1495 1784; x_wconf 62' lang='lat' dir='ltr'><strong>fivmfii&#39;in</strong></span> <span class='ocrx_word' id='word_1_226' title='bbox 1514 1725 1540 1772; x_wconf 57' lang='grc' dir='ltr'><strong>θ’</strong></span> <span class='ocrx_word' id='word_1_227' title='bbox 1559 1714 1676 1773; x_wconf 55' lang='lat' dir='ltr'><strong>misisti</strong></span> <span class='ocrx_word' id='word_1_228' title='bbox 1694 1715 1752 1790; x_wconf 70' lang='lat'><strong>05⁸⁸</strong></span> 
     </span>
     <span class='ocr_line' id='line_1_18' title="bbox 136 1802 1751 1889; baseline -0.005 -14"><span class='ocrx_word' id='word_1_229' title='bbox 136 1838 209 1888; x_wconf 88' lang='lat' dir='ltr'><strong>mus,</strong></span> <span class='ocrx_word' id='word_1_230' title='bbox 224 1821 296 1877; x_wconf 86' lang='lat' dir='ltr'><strong>unde</strong></span> <span class='ocrx_word' id='word_1_231' title='bbox 319 1819 360 1875; x_wconf 89' lang='lat' dir='ltr'><strong>sic</strong></span> <span class='ocrx_word' id='word_1_232' title='bbox 375 1822 465 1889; x_wconf 85' lang='lat' dir='ltr'><strong>potest</strong></span> <span class='ocrx_word' id='word_1_233' title='bbox 482 1813 581 1886; x_wconf 81' lang='lat' dir='ltr'><strong>exponi</strong></span> <span class='ocrx_word' id='word_1_234' title='bbox 598 1812 727 1886; x_wconf 71' lang='lat' dir='ltr'><strong>pradicta</strong></span> <span class='ocrx_word' id='word_1_235' title='bbox 744 1809 894 1867; x_wconf 81' lang='lat' dir='ltr'><strong>auctoritas</strong></span> <span class='ocrx_word' id='word_1_236' title='bbox 909 1827 917 1865; x_wconf 71' lang='grc' dir='ltr'>ς</span> <span class='ocrx_word' id='word_1_237' title='bbox 968 1803 1133 1873; x_wconf 56' lang='lat' dir='ltr'><strong>scamnum.</strong></span> <span class='ocrx_word' id='word_1_238' title='bbox 1145 1802 1250 1860; x_wconf 84' lang='lat' dir='ltr'><strong>Dicitur</strong></span> <span class='ocrx_word' id='word_1_239' title='bbox 1262 1820 1306 1862; x_wconf 89' lang='lat' dir='ltr'><strong>res</strong></span> <span class='ocrx_word' id='word_1_240' title='bbox 1318 1805 1452 1878; x_wconf 85' lang='lat' dir='ltr'><strong>acquisita</strong></span> <span class='ocrx_word' id='word_1_241' title='bbox 1464 1806 1587 1878; x_wconf 89' lang='lat' dir='ltr'><strong>periculo</strong></span> <span class='ocrx_word' id='word_1_242' title='bbox 1599 1807 1751 1881; x_wconf 88' lang='lat' dir='ltr'><strong>sanguinis,</strong></span> 
     </span>
     <span class='ocr_line' id='line_1_19' title="bbox 137 1893 1752 1975; baseline -0.009 -5"><span class='ocrx_word' id='word_1_243' title='bbox 137 1915 228 1970; x_wconf 80' lang='lat' dir='ltr'><strong>Timor</strong></span> <span class='ocrx_word' id='word_1_244' title='bbox 243 1911 351 1968; x_wconf 85' lang='lat' dir='ltr'><strong>Domini</strong></span> <span class='ocrx_word' id='word_1_245' title='bbox 364 1916 482 1975; x_wconf 87' lang='lat' dir='ltr'><strong>sanctas,</strong></span> <span class='ocrx_word' id='word_1_246' title='bbox 495 1905 524 1962; x_wconf 88' lang='lat' dir='ltr'><strong>id</strong></span> <span class='ocrx_word' id='word_1_247' title='bbox 539 1913 582 1962; x_wconf 90' lang='grc' dir='ltr'><strong>εει</strong></span> <span class='ocrx_word' id='word_1_248' title='bbox 601 1900 795 1969; x_wconf 80' lang='lat' dir='ltr'><strong>immutabilis3</strong></span> <span class='ocrx_word' id='word_1_249' title='bbox 814 1897 920 1957; x_wconf 79' lang='lat' dir='ltr'><strong>servilis</strong></span> <span class='ocrx_word' id='word_1_250' title='bbox 968 1894 1043 1950; x_wconf 80' lang='lat' dir='ltr'><strong>uncle</strong></span> <span class='ocrx_word' id='word_1_251' title='bbox 1058 1893 1158 1965; x_wconf 84' lang='lat' dir='ltr'><strong>legitur</strong></span> <span class='ocrx_word' id='word_1_252' title='bbox 1171 1896 1246 1966; x_wconf 82' lang='lat' dir='ltr'><strong>quod</strong></span> <span class='ocrx_word' id='word_1_253' title='bbox 1259 1896 1343 1954; x_wconf 81' lang='lat' dir='ltr'><strong>Dauid</strong></span> <span class='ocrx_word' id='word_1_254' title='bbox 1355 1898 1395 1953; x_wconf 89' lang='lat' dir='ltr'><strong>ait</strong></span> <span class='ocrx_word' id='word_1_255' title='bbox 1409 1914 1440 1955; x_wconf 91' lang='lat' dir='ltr'><strong>se</strong></span> <span class='ocrx_word' id='word_1_256' title='bbox 1454 1912 1509 1955; x_wconf 90' lang='lat' dir='ltr'><strong>uon</strong></span> <span class='ocrx_word' id='word_1_257' title='bbox 1523 1899 1672 1956; x_wconf 85' lang='lat' dir='ltr'><strong>bibiturum</strong></span> <span class='ocrx_word' id='word_1_258' title='bbox 1686 1916 1752 1958; x_wconf 90' lang='lat' dir='ltr'><strong>san-</strong></span> 
     </span>
     <span class='ocr_line' id='line_1_20' title="bbox 131 1985 1752 2063; baseline -0.009 0"><span class='ocrx_word' id='word_1_259' title='bbox 131 2008 209 2063; x_wconf 77' lang='lat' dir='ltr'><strong>anim</strong></span> <span class='ocrx_word' id='word_1_260' title='bbox 236 2006 317 2061; x_wconf 87' lang='lat' dir='ltr'><strong>timor</strong></span> <span class='ocrx_word' id='word_1_261' title='bbox 342 1999 498 2058; x_wconf 82' lang='lat' dir='ltr'><strong>mundanus</strong></span> <span class='ocrx_word' id='word_1_262' title='bbox 520 1994 662 2053; x_wconf 86' lang='lat' dir='ltr'><strong>mutabilis</strong></span> <span class='ocrx_word' id='word_1_263' title='bbox 677 1999 732 2060; x_wconf 87' lang='grc' dir='ltr'>εει,</span> <span class='ocrx_word' id='word_1_264' title='bbox 756 1991 823 2062; x_wconf 83' lang='lat' dir='ltr'><strong>quia</strong></span> <span class='ocrx_word' id='word_1_265' title='bbox 855 1988 920 2046; x_wconf 85' lang='lat' dir='ltr'><strong>iacit</strong></span> <span class='ocrx_word' id='word_1_266' title='bbox 969 1985 1079 2056; x_wconf 85' lang='lat' dir='ltr'><strong>guinem</strong></span> <span class='ocrx_word' id='word_1_267' title='bbox 1093 1999 1189 2041; x_wconf 90' lang='lat' dir='ltr'><strong>eorum</strong></span> <span class='ocrx_word' id='word_1_268' title='bbox 1201 1987 1481 2060; x_wconf 77' lang='lat' dir='ltr'><strong>quiusnupencnto</strong></span> <span class='ocrx_word' id='word_1_269' title='bbox 1497 1991 1639 2062; x_wconf 87' lang='lat' dir='ltr'><strong>sanguinis</strong></span> <span class='ocrx_word' id='word_1_270' title='bbox 1653 1993 1752 2050; x_wconf 76' lang='lat' dir='ltr'><strong>attale·</strong></span> 
     </span>
     <span class='ocr_line' id='line_1_21' title="bbox 136 2077 1754 2160; baseline -0.007 -6"><span class='ocrx_word' id='word_1_271' title='bbox 136 2098 276 2154; x_wconf 85' lang='lat' dir='ltr'><strong>hominem</strong></span> <span class='ocrx_word' id='word_1_272' title='bbox 288 2092 390 2150; x_wconf 85' lang='lat' dir='ltr'><strong>mutari</strong></span> <span class='ocrx_word' id='word_1_273' title='bbox 401 2092 437 2148; x_wconf 86' lang='lat' dir='ltr'><strong>dc</strong></span> <span class='ocrx_word' id='word_1_274' title='bbox 452 2087 651 2160; x_wconf 69' lang='lat' dir='ltr'><strong>temporalibus</strong></span> <span class='ocrx_word' id='word_1_275' title='bbox 663 2084 765 2141; x_wconf 84' lang='lat' dir='ltr'><strong>habitis</strong></span> <span class='ocrx_word' id='word_1_276' title='bbox 776 2081 819 2138; x_wconf 83' lang='lat' dir='ltr'><strong>rel</strong></span> <span class='ocrx_word' id='word_1_277' title='bbox 831 2080 920 2137; x_wconf 87' lang='lat' dir='ltr'><strong>amis·</strong></span> <span class='ocrx_word' id='word_1_278' title='bbox 969 2085 1032 2133; x_wconf 88' lang='lat' dir='ltr'><strong>rant</strong></span> <span class='ocrx_word' id='word_1_279' title='bbox 1041 2090 1142 2148; x_wconf 86' lang='lat' dir='ltr'><strong>aquarn</strong></span> <span class='ocrx_word' id='word_1_280' title='bbox 1152 2077 1186 2134; x_wconf 87' lang='lat' dir='ltr'><strong>de</strong></span> <span class='ocrx_word' id='word_1_281' title='bbox 1199 2078 1319 2135; x_wconf 88' lang='lat' dir='ltr'><strong>cisterna</strong></span> <span class='ocrx_word' id='word_1_282' title='bbox 1337 2079 1506 2148; x_wconf 77' lang='lat' dir='ltr'><strong>Bethlemm,</strong></span> <span class='ocrx_word' id='word_1_283' title='bbox 1520 2082 1547 2138; x_wconf 83' lang='lat' dir='ltr'><strong>id</strong></span> <span class='ocrx_word' id='word_1_284' title='bbox 1558 2092 1601 2139; x_wconf 90' lang='grc' dir='ltr'><strong>εει</strong></span> <span class='ocrx_word' id='word_1_285' title='bbox 1612 2098 1711 2154; x_wconf 82' lang='lat' dir='ltr'><strong>aquarn</strong></span> <span class='ocrx_word' id='word_1_286' title='bbox 1726 2085 1754 2143; x_wconf 92' lang='lat' dir='ltr'><strong>ei</strong></span> 
     </span>
     <span class='ocr_line' id='line_1_22' title="bbox 136 2168 1752 2248; baseline -0.009 -1"><span class='ocrx_word' id='word_1_287' title='bbox 136 2193 187 2248; x_wconf 89' lang='lat' dir='ltr'><strong>sis.</strong></span> <span class='ocrx_word' id='word_1_288' title='bbox 202 2190 295 2245; x_wconf 86' lang='lat' dir='ltr'><strong>Timor</strong></span> <span class='ocrx_word' id='word_1_289' title='bbox 314 2194 404 2243; x_wconf 86' lang='lat' dir='ltr'><strong>autem</strong></span> <span class='ocrx_word' id='word_1_290' title='bbox 421 2181 532 2239; x_wconf 85' lang='lat' dir='ltr'><strong>Domini</strong></span> <span class='ocrx_word' id='word_1_291' title='bbox 547 2179 608 2237; x_wconf 90' lang='lat' dir='ltr'><strong>siue</strong></span> <span class='ocrx_word' id='word_1_292' title='bbox 626 2176 702 2234; x_wconf 92' lang='lat' dir='ltr'><strong>omui</strong></span> <span class='ocrx_word' id='word_1_293' title='bbox 716 2172 920 2247; x_wconf 81' lang='lat' dir='ltr'><strong>perturbatione</strong></span> <span class='ocrx_word' id='word_1_294' title='bbox 969 2168 1080 2225; x_wconf 85' lang='lat' dir='ltr'><strong>allatam</strong></span> <span class='ocrx_word' id='word_1_295' title='bbox 1092 2168 1274 2241; x_wconf 88' lang='lat' dir='ltr'><strong>subpcricula</strong></span> <span class='ocrx_word' id='word_1_296' title='bbox 1285 2174 1394 2228; x_wconf 86' lang='lat' dir='ltr'><strong>martis.</strong></span> <span class='ocrx_word' id='word_1_297' title='bbox 1406 2169 1512 2227; x_wconf 83' lang='lat' dir='ltr'><strong>Dicitur</strong></span> <span class='ocrx_word' id='word_1_298' title='bbox 1526 2174 1646 2230; x_wconf 85' lang='lat' dir='ltr'><strong>carnalis</strong></span> <span class='ocrx_word' id='word_1_299' title='bbox 1660 2176 1752 2232; x_wconf 85' lang='lat' dir='ltr'><strong>scieu-</strong></span> 
     </span>
     <span class='ocr_line' id='line_1_23' title="bbox 137 2260 1753 2343; baseline -0.009 -3"><span class='ocrx_word' id='word_1_300' title='bbox 137 2297 188 2343; x_wconf 84' lang='lat' dir='ltr'><strong>cst.</strong></span> <span class='ocrx_word' id='word_1_301' title='bbox 207 2283 313 2339; x_wconf 88' lang='lat' dir='ltr'><strong>Dicitur</strong></span> <span class='ocrx_word' id='word_1_302' title='bbox 332 2278 451 2343; x_wconf 83' lang='lat' dir='ltr'><strong>coelcste,</strong></span> <span class='ocrx_word' id='word_1_303' title='bbox 472 2273 545 2331; x_wconf 84' lang='lat' dir='ltr'><strong>unde</strong></span> <span class='ocrx_word' id='word_1_304' title='bbox 564 2269 708 2327; x_wconf 85' lang='lat' dir='ltr'><strong>Psalmista</strong></span> <span class='ocrx_word' id='word_1_305' title='bbox 721 2285 729 2323; x_wconf 76' lang='grc' dir='ltr'><strong>ε</strong></span> <span class='ocrx_word' id='word_1_306' title='bbox 743 2262 867 2322; x_wconf 84' lang='lat' dir='ltr'><strong>Adaraio</strong></span> <span class='ocrx_word' id='word_1_307' title='bbox 882 2263 919 2318; x_wconf 81' lang='lat' dir='ltr'><strong>ati</strong></span> <span class='ocrx_word' id='word_1_308' title='bbox 968 2260 1080 2331; x_wconf 84' lang='lat' dir='ltr'><strong>tiaquae</strong></span> <span class='ocrx_word' id='word_1_309' title='bbox 1098 2275 1133 2317; x_wconf 85' lang='lat' dir='ltr'><strong>ex</strong></span> <span class='ocrx_word' id='word_1_310' title='bbox 1147 2261 1238 2318; x_wconf 86' lang='lat' dir='ltr'><strong>calore</strong></span> <span class='ocrx_word' id='word_1_311' title='bbox 1257 2262 1348 2319; x_wconf 85' lang='lat' dir='ltr'><strong>sedem</strong></span> <span class='ocrx_word' id='word_1_312' title='bbox 1369 2262 1469 2332; x_wconf 88' lang='lat' dir='ltr'><strong>habet;</strong></span> <span class='ocrx_word' id='word_1_313' title='bbox 1485 2264 1512 2318; x_wconf 92' lang='lat' dir='ltr'><strong>in</strong></span> <span class='ocrx_word' id='word_1_314' title='bbox 1531 2265 1664 2336; x_wconf 72' lang='lat' dir='ltr'><strong>sangiune</strong></span> <span class='ocrx_word' id='word_1_315' title='bbox 1681 2267 1753 2340; x_wconf 86' lang='lat' dir='ltr'><strong>riget</strong></span> 
     </span>
     <span class='ocr_line' id='line_1_24' title="bbox 139 2351 1752 2441; baseline -0.007 -17"><span class='ocrx_word' id='word_1_316' title='bbox 139 2370 264 2441; x_wconf 85' lang='lat' dir='ltr'><strong>rcnrpium</strong></span> <span class='ocrx_word' id='word_1_317' title='bbox 288 2375 409 2424; x_wconf 84' lang='lat' dir='ltr'><strong>sanctum</strong></span> <span class='ocrx_word' id='word_1_318' title='bbox 433 2374 517 2418; x_wconf 87' lang='lat' dir='ltr'><strong>tuum.</strong></span> <span class='ocrx_word' id='word_1_319' title='bbox 539 2358 643 2416; x_wconf 89' lang='lat' dir='ltr'><strong>Dicitur</strong></span> <span class='ocrx_word' id='word_1_320' title='bbox 664 2371 681 2412; x_wconf 92' lang='lat' dir='ltr'><strong>a</strong></span> <span class='ocrx_word' id='word_1_321' title='bbox 697 2364 794 2413; x_wconf 81' lang='lat' dir='ltr'><strong>macto</strong></span> <span class='ocrx_word' id='word_1_322' title='bbox 814 2354 919 2421; x_wconf 66' lang='lat' dir='ltr'><strong>(latum</strong></span> <span class='ocrx_word' id='word_1_323' title='bbox 969 2351 1108 2425; x_wconf 83' lang='lat' dir='ltr'><strong>ingenium</strong></span> <span class='ocrx_word' id='word_1_324' title='bbox 1123 2369 1158 2410; x_wconf 88' lang='lat' dir='ltr'><strong>ex</strong></span> <span class='ocrx_word' id='word_1_325' title='bbox 1169 2369 1224 2424; x_wconf 85' lang='lat' dir='ltr'><strong>quo</strong></span> <span class='ocrx_word' id='word_1_326' title='bbox 1240 2354 1375 2421; x_wconf 73' lang='lat' dir='ltr'><strong>scientia,</strong></span> <span class='ocrx_word' id='word_1_327' title='bbox 1398 2354 1470 2410; x_wconf 85' lang='lat' dir='ltr'><strong>unde</strong></span> <span class='ocrx_word' id='word_1_328' title='bbox 1483 2353 1616 2412; x_wconf 64' lang='lat' dir='ltr'><strong>Mmlnus</strong></span> <span class='ocrx_word' id='word_1_329' title='bbox 1632 2354 1752 2412; x_wconf 85' lang='lat' dir='ltr'><strong>.Bcatus</strong></span> 
     </span>
     <span class='ocr_line' id='line_1_25' title="bbox 138 2443 1753 2532; baseline -0.01 -14"><span class='ocrx_word' id='word_1_330' title='bbox 138 2464 211 2519; x_wconf 83' lang='lat' dir='ltr'><strong>trude</strong></span> <span class='ocrx_word' id='word_1_331' title='bbox 233 2468 397 2532; x_wconf 87' lang='lat' dir='ltr'><strong>praeceptum</strong></span> <span class='ocrx_word' id='word_1_332' title='bbox 420 2454 521 2513; x_wconf 88' lang='lat' dir='ltr'><strong>dicitnr</strong></span> <span class='ocrx_word' id='word_1_333' title='bbox 542 2457 678 2518; x_wconf 88' lang='lat' dir='ltr'><strong>sunctum,</strong></span> <span class='ocrx_word' id='word_1_334' title='bbox 702 2448 766 2520; x_wconf 81' lang='lat' dir='ltr'><strong>quia</strong></span> <span class='ocrx_word' id='word_1_335' title='bbox 786 2462 803 2503; x_wconf 87' lang='lat' dir='ltr'><strong>a</strong></span> <span class='ocrx_word' id='word_1_336' title='bbox 823 2452 921 2503; x_wconf 90' lang='lat' dir='ltr'><strong>sancto</strong></span> <span class='ocrx_word' id='word_1_337' title='bbox 969 2462 1008 2515; x_wconf 82' lang='grc' dir='ltr'><strong>ιε,</strong></span> <span class='ocrx_word' id='word_1_338' title='bbox 1022 2443 1114 2501; x_wconf 87' lang='lat' dir='ltr'><strong>Simon</strong></span> <span class='ocrx_word' id='word_1_339' title='bbox 1124 2445 1253 2516; x_wconf 74' lang='lat' dir='ltr'><strong>Bariana,</strong></span> <span class='ocrx_word' id='word_1_340' title='bbox 1261 2446 1323 2516; x_wconf 87' lang='lat' dir='ltr'><strong>puin</strong></span> <span class='ocrx_word' id='word_1_341' title='bbox 1338 2453 1433 2500; x_wconf 83' lang='lat' dir='ltr'><strong>caract</strong></span> <span class='ocrx_word' id='word_1_342' title='bbox 1444 2446 1553 2517; x_wconf 84' lang='lat' dir='ltr'><strong>sunpuis</strong></span> <span class='ocrx_word' id='word_1_343' title='bbox 1567 2461 1620 2500; x_wconf 92' lang='lat' dir='ltr'><strong>non</strong></span> <span class='ocrx_word' id='word_1_344' title='bbox 1630 2446 1753 2502; x_wconf 80' lang='lat' dir='ltr'><strong>renatavit</strong></span> 
     </span>
     <span class='ocr_line' id='line_1_26' title="bbox 135 2536 1752 2620; baseline -0.006 -15"><span class='ocrx_word' id='word_1_345' title='bbox 135 2556 249 2620; x_wconf 76' lang='lat' dir='ltr'><strong>uatum3</strong></span> <span class='ocrx_word' id='word_1_346' title='bbox 260 2548 442 2607; x_wconf 83' lang='lat' dir='ltr'><strong>uudeDarid:</strong></span> <span class='ocrx_word' id='word_1_347' title='bbox 453 2544 554 2603; x_wconf 83' lang='lat' dir='ltr'><strong>Currus</strong></span> <span class='ocrx_word' id='word_1_348' title='bbox 565 2542 711 2598; x_wconf 75' lang='lat' dir='ltr'><strong>Deidamia</strong></span> <span class='ocrx_word' id='word_1_349' title='bbox 721 2538 838 2595; x_wconf 81' lang='lat' dir='ltr'><strong>millibus</strong></span> <span class='ocrx_word' id='word_1_350' title='bbox 850 2536 921 2592; x_wconf 86' lang='lat' dir='ltr'><strong>mut·</strong></span> <span class='ocrx_word' id='word_1_351' title='bbox 971 2536 1030 2607; x_wconf 79' lang='lat' dir='ltr'><strong>tilii,</strong></span> <span class='ocrx_word' id='word_1_352' title='bbox 1042 2539 1070 2594; x_wconf 86' lang='lat' dir='ltr'><strong>nt</strong></span> <span class='ocrx_word' id='word_1_353' title='bbox 1083 2547 1126 2595; x_wconf 88' lang='lat' dir='ltr'><strong>cst</strong></span> <span class='ocrx_word' id='word_1_354' title='bbox 1136 2538 1254 2595; x_wconf 90' lang='lat' dir='ltr'><strong>carnalis</strong></span> <span class='ocrx_word' id='word_1_355' title='bbox 1267 2538 1390 2596; x_wconf 90' lang='lat' dir='ltr'><strong>scientia.</strong></span> <span class='ocrx_word' id='word_1_356' title='bbox 1408 2536 1515 2595; x_wconf 89' lang='lat' dir='ltr'><strong>Dicitur</strong></span> <span class='ocrx_word' id='word_1_357' title='bbox 1523 2537 1675 2609; x_wconf 87' lang='lat' dir='ltr'><strong>corruptio,</strong></span> <span class='ocrx_word' id='word_1_358' title='bbox 1687 2538 1752 2609; x_wconf 84' lang='lat' dir='ltr'><strong>quia</strong></span> 
     </span>
     <span class='ocr_line' id='line_1_27' title="bbox 140 2627 1751 2717; baseline -0.006 -21"><span class='ocrx_word' id='word_1_359' title='bbox 140 2644 238 2717; x_wconf 78' lang='lat' dir='ltr'><strong>tipice,</strong></span> <span class='ocrx_word' id='word_1_360' title='bbox 255 2652 321 2711; x_wconf 86' lang='lat' dir='ltr'><strong>etc,</strong></span> <span class='ocrx_word' id='word_1_361' title='bbox 337 2642 480 2698; x_wconf 83' lang='lat' dir='ltr'><strong>insancto.</strong></span> <span class='ocrx_word' id='word_1_362' title='bbox 510 2637 614 2693; x_wconf 88' lang='lat' dir='ltr'><strong>Currus</strong></span> <span class='ocrx_word' id='word_1_363' title='bbox 652 2630 779 2689; x_wconf 84' lang='lat' dir='ltr'><strong>(licuntur</strong></span> <span class='ocrx_word' id='word_1_364' title='bbox 808 2627 918 2695; x_wconf 81' lang='lat' dir='ltr'><strong>sancti,</strong></span> <span class='ocrx_word' id='word_1_365' title='bbox 969 2631 1004 2688; x_wconf 86' lang='lat' dir='ltr'><strong>de</strong></span> <span class='ocrx_word' id='word_1_366' title='bbox 1026 2630 1099 2689; x_wconf 85' lang='lat' dir='ltr'><strong>incili</strong></span> <span class='ocrx_word' id='word_1_367' title='bbox 1125 2631 1311 2703; x_wconf 88' lang='lat' dir='ltr'><strong>corrumpitur</strong></span> <span class='ocrx_word' id='word_1_368' title='bbox 1328 2630 1457 2702; x_wconf 90' lang='lat' dir='ltr'><strong>sanguis;</strong></span> <span class='ocrx_word' id='word_1_369' title='bbox 1480 2630 1553 2687; x_wconf 86' lang='lat' dir='ltr'><strong>unde</strong></span> <span class='ocrx_word' id='word_1_370' title='bbox 1573 2630 1751 2701; x_wconf 78' lang='lat' dir='ltr'><strong>Apostolus:</strong></span> 
     </span>
    </p>
   </div>
   <div class='ocr_carea' id='block_1_5' title="bbox 138 2704 1922 2809">
    <p class='ocr_par' dir='ltr' id='par_1_5' title="bbox 138 2704 1922 2809">
     <span class='ocr_line' id='line_1_28' title="bbox 138 2704 1922 2809; baseline -0.008 -17"><span class='ocrx_word' id='word_1_371' title='bbox 138 2753 187 2809; x_wconf 83' lang='lat' dir='ltr'><strong>per</strong></span> <span class='ocrx_word' id='word_1_372' title='bbox 208 2750 278 2806; x_wconf 82' lang='lat' dir='ltr'><strong>quos</strong></span> <span class='ocrx_word' id='word_1_373' title='bbox 301 2734 383 2799; x_wconf 90' lang='lat' dir='ltr'><strong>Deus,</strong></span> <span class='ocrx_word' id='word_1_374' title='bbox 395 2732 422 2787; x_wconf 90' lang='lat' dir='ltr'><strong>itl</strong></span> <span class='ocrx_word' id='word_1_375' title='bbox 442 2737 484 2787; x_wconf 85' lang='grc' dir='ltr'><strong>εει</strong></span> <span class='ocrx_word' id='word_1_376' title='bbox 504 2727 570 2783; x_wconf 84' lang='lat' dir='ltr'><strong>fides</strong></span> <span class='ocrx_word' id='word_1_377' title='bbox 587 2724 684 2798; x_wconf 91' lang='lat' dir='ltr'><strong>ipsius,</strong></span> <span class='ocrx_word' id='word_1_378' title='bbox 699 2738 748 2795; x_wconf 86' lang='lat' dir='ltr'><strong>per</strong></span> <span class='ocrx_word' id='word_1_379' title='bbox 761 2720 919 2778; x_wconf 84' lang='lat' dir='ltr'><strong>uuiversum</strong></span> <span class='ocrx_word' id='word_1_380' title='bbox 970 2724 1040 2781; x_wconf 82' lang='lat' dir='ltr'><strong>Cara</strong></span> <span class='ocrx_word' id='word_1_381' title='bbox 1057 2734 1081 2780; x_wconf 87' lang='lat' dir='ltr'><strong>et</strong></span> <span class='ocrx_word' id='word_1_382' title='bbox 1093 2725 1200 2796; x_wconf 80' lang='lat' dir='ltr'><strong>sanguia</strong></span> <span class='ocrx_word' id='word_1_383' title='bbox 1213 2739 1366 2795; x_wconf 84' lang='lat' dir='ltr'><strong>repnnm...,</strong></span> <span class='ocrx_word' id='word_1_384' title='bbox 1378 2722 1455 2778; x_wconf 81' lang='lat' dir='ltr'><strong>idest</strong></span> <span class='ocrx_word' id='word_1_385' title='bbox 1469 2722 1607 2793; x_wconf 86' lang='lat' dir='ltr'><strong>corruptio</strong></span> <span class='ocrx_word' id='word_1_386' title='bbox 1621 2723 1712 2779; x_wconf 90' lang='lat' dir='ltr'><strong>caruis</strong></span> <span class='ocrx_word' id='word_1_387' title='bbox 1725 2730 1753 2779; x_wconf 89' lang='lat' dir='ltr'><strong>et</strong></span> <span class='ocrx_word' id='word_1_388' title='bbox 1919 2704 1922 2711; x_wconf 31' lang='lat'>¹</span> 
     </span>
    </p>
   </div>
   <div class='ocr_carea' id='block_1_6' title="bbox 134 2813 1807 3991">
    <p class='ocr_par' dir='ltr' id='par_1_6' title="bbox 135 2813 1754 3263">
     <span class='ocr_line' id='line_1_29' title="bbox 139 2813 1753 2897; baseline -0.01 -12"><span class='ocrx_word' id='word_1_389' title='bbox 139 2831 270 2886; x_wconf 70' lang='lat' dir='ltr'><strong>urcundum</strong></span> <span class='ocrx_word' id='word_1_390' title='bbox 285 2826 448 2897; x_wconf 80' lang='lat' dir='ltr'><strong>divulgatur.</strong></span> <span class='ocrx_word' id='word_1_391' title='bbox 464 2821 497 2876; x_wconf 79' lang='lat' dir='ltr'><strong>lit</strong></span> <span class='ocrx_word' id='word_1_392' title='bbox 521 2821 566 2876; x_wconf 91' lang='lat' dir='ltr'><strong>ille</strong></span> <span class='ocrx_word' id='word_1_393' title='bbox 594 2833 693 2875; x_wconf 88' lang='lat' dir='ltr'><strong>currus</strong></span> <span class='ocrx_word' id='word_1_394' title='bbox 714 2825 757 2873; x_wconf 87' lang='lat' dir='ltr'><strong>est</strong></span> <span class='ocrx_word' id='word_1_395' title='bbox 779 2814 921 2884; x_wconf 80' lang='lat' dir='ltr'><strong>multiplex</strong></span> <span class='ocrx_word' id='word_1_396' title='bbox 970 2817 1121 2888; x_wconf 77' lang='lat' dir='ltr'><strong>sanguinis.</strong></span> <span class='ocrx_word' id='word_1_397' title='bbox 1144 2815 1247 2872; x_wconf 89' lang='lat' dir='ltr'><strong>Dicitur</strong></span> <span class='ocrx_word' id='word_1_398' title='bbox 1272 2814 1393 2871; x_wconf 85' lang='lat' dir='ltr'><strong>carnalis</strong></span> <span class='ocrx_word' id='word_1_399' title='bbox 1418 2813 1590 2870; x_wconf 84' lang='lat' dir='ltr'><strong>observantia</strong></span> <span class='ocrx_word' id='word_1_400' title='bbox 1611 2813 1753 2887; x_wconf 87' lang='lat' dir='ltr'><strong>legalium,</strong></span> 
     </span>
     <span class='ocr_line' id='line_1_30' title="bbox 139 2903 1752 2985; baseline -0.01 -7"><span class='ocrx_word' id='word_1_401' title='bbox 139 2923 232 2978; x_wconf 84' lang='lat' dir='ltr'><strong>decem</strong></span> <span class='ocrx_word' id='word_1_402' title='bbox 247 2919 377 2985; x_wconf 76' lang='lat' dir='ltr'><strong>millibus,</strong></span> <span class='ocrx_word' id='word_1_403' title='bbox 392 2917 418 2972; x_wconf 89' lang='lat' dir='ltr'><strong>id</strong></span> <span class='ocrx_word' id='word_1_404' title='bbox 433 2924 475 2972; x_wconf 90' lang='lat' dir='ltr'><strong>est</strong></span> <span class='ocrx_word' id='word_1_405' title='bbox 494 2929 529 2970; x_wconf 85' lang='lat' dir='ltr'><strong>er</strong></span> <span class='ocrx_word' id='word_1_406' title='bbox 551 2909 703 2967; x_wconf 85' lang='lat' dir='ltr'><strong>innumeris</strong></span> <span class='ocrx_word' id='word_1_407' title='bbox 717 2906 827 2980; x_wconf 92' lang='lat' dir='ltr'><strong>populis</strong></span> <span class='ocrx_word' id='word_1_408' title='bbox 844 2921 921 2962; x_wconf 90' lang='lat' dir='ltr'><strong>com·</strong></span> <span class='ocrx_word' id='word_1_409' title='bbox 970 2906 1034 2977; x_wconf 85' lang='lat' dir='ltr'><strong>quia</strong></span> <span class='ocrx_word' id='word_1_410' title='bbox 1047 2906 1204 2977; x_wconf 80' lang='lat' dir='ltr'><strong>frequenter</strong></span> <span class='ocrx_word' id='word_1_411' title='bbox 1215 2906 1363 2961; x_wconf 86' lang='lat' dir='ltr'><strong>materialia</strong></span> <span class='ocrx_word' id='word_1_412' title='bbox 1375 2904 1509 2961; x_wconf 87' lang='lat' dir='ltr'><strong>sacrilicia</strong></span> <span class='ocrx_word' id='word_1_413' title='bbox 1526 2903 1593 2976; x_wconf 87' lang='lat' dir='ltr'><strong>legis</strong></span> <span class='ocrx_word' id='word_1_414' title='bbox 1610 2905 1710 2962; x_wconf 80' lang='lat' dir='ltr'><strong>flebant</strong></span> <span class='ocrx_word' id='word_1_415' title='bbox 1724 2905 1752 2962; x_wconf 88' lang='lat' dir='ltr'><strong>in</strong></span> 
     </span>
     <span class='ocr_line' id='line_1_31' title="bbox 139 2994 1753 3094; baseline -0.008 -29"><span class='ocrx_word' id='word_1_416' title='bbox 139 3017 247 3079; x_wconf 84' lang='lat' dir='ltr'><strong>pactus,</strong></span> <span class='ocrx_word' id='word_1_417' title='bbox 267 3007 312 3078; x_wconf 81' lang='lat' dir='ltr'><strong>aui</strong></span> <span class='ocrx_word' id='word_1_418' title='bbox 335 3005 422 3061; x_wconf 86' lang='lat' dir='ltr'><strong>saneti</strong></span> <span class='ocrx_word' id='word_1_419' title='bbox 437 3011 501 3060; x_wconf 92' lang='lat' dir='ltr'><strong>suut</strong></span> <span class='ocrx_word' id='word_1_420' title='bbox 523 3001 607 3056; x_wconf 89' lang='lat' dir='ltr'><strong>millia</strong></span> <span class='ocrx_word' id='word_1_421' title='bbox 623 2998 783 3062; x_wconf 79' lang='lat' dir='ltr'><strong>laetantium,</strong></span> <span class='ocrx_word' id='word_1_422' title='bbox 796 2995 861 3067; x_wconf 82' lang='lat' dir='ltr'><strong>quia</strong></span> <span class='ocrx_word' id='word_1_423' title='bbox 872 3010 920 3065; x_wconf 87' lang='lat' dir='ltr'><strong>spe</strong></span> <span class='ocrx_word' id='word_1_424' title='bbox 933 3036 955 3094; x_wconf 71' lang='lat' dir='ltr'>c</span> <span class='ocrx_word' id='word_1_425' title='bbox 970 2995 1103 3053; x_wconf 86' lang='lat' dir='ltr'><strong>ellusione</strong></span> <span class='ocrx_word' id='word_1_426' title='bbox 1117 2995 1278 3068; x_wconf 88' lang='lat' dir='ltr'><strong>sanguinis;</strong></span> <span class='ocrx_word' id='word_1_427' title='bbox 1298 2994 1370 3052; x_wconf 84' lang='lat' dir='ltr'><strong>uude</strong></span> <span class='ocrx_word' id='word_1_428' title='bbox 1385 2995 1532 3066; x_wconf 80' lang='lat' dir='ltr'><strong>Apostolus</strong></span> <span class='ocrx_word' id='word_1_429' title='bbox 1544 2994 1583 3050; x_wconf 86' lang='lat' dir='ltr'><strong>ait</strong></span> <span class='ocrx_word' id='word_1_430' title='bbox 1596 3009 1627 3052; x_wconf 91' lang='lat' dir='ltr'><strong>se</strong></span> <span class='ocrx_word' id='word_1_431' title='bbox 1638 3009 1753 3053; x_wconf 82' lang='lat' dir='ltr'><strong>couver-</strong></span> 
     </span>
     <span class='ocr_line' id='line_1_32' title="bbox 139 3085 1754 3171; baseline -0.007 -15"><span class='ocrx_word' id='word_1_432' title='bbox 139 3101 257 3171; x_wconf 86' lang='lat' dir='ltr'><strong>gaudeot</strong></span> <span class='ocrx_word' id='word_1_433' title='bbox 267 3100 354 3154; x_wconf 81' lang='lat' dir='ltr'><strong>donec</strong></span> <span class='ocrx_word' id='word_1_434' title='bbox 368 3094 554 3168; x_wconf 86' lang='lat' dir='ltr'><strong>producantur</strong></span> <span class='ocrx_word' id='word_1_435' title='bbox 567 3092 595 3146; x_wconf 91' lang='lat' dir='ltr'><strong>in</strong></span> <span class='ocrx_word' id='word_1_436' title='bbox 606 3090 698 3156; x_wconf 88' lang='lat' dir='ltr'><strong>linem;</strong></span> <span class='ocrx_word' id='word_1_437' title='bbox 714 3095 742 3143; x_wconf 88' lang='lat' dir='ltr'><strong>et</strong></span> <span class='ocrx_word' id='word_1_438' title='bbox 760 3101 811 3143; x_wconf 91' lang='lat' dir='ltr'><strong>cur</strong></span> <span class='ocrx_word' id='word_1_439' title='bbox 827 3087 921 3141; x_wconf 87' lang='lat' dir='ltr'><strong>laetan-</strong></span> <span class='ocrx_word' id='word_1_440' title='bbox 970 3104 1031 3144; x_wconf 90' lang='lat' dir='ltr'><strong>sum</strong></span> <span class='ocrx_word' id='word_1_441' title='bbox 1046 3087 1080 3142; x_wconf 88' lang='lat' dir='ltr'><strong>ad</strong></span> <span class='ocrx_word' id='word_1_442' title='bbox 1091 3086 1171 3143; x_wconf 86' lang='lat' dir='ltr'><strong>iidem</strong></span> <span class='ocrx_word' id='word_1_443' title='bbox 1186 3103 1240 3143; x_wconf 90' lang='lat' dir='ltr'><strong>nau</strong></span> <span class='ocrx_word' id='word_1_444' title='bbox 1254 3086 1423 3157; x_wconf 78' lang='lat' dir='ltr'><strong>acquievisse</strong></span> <span class='ocrx_word' id='word_1_445' title='bbox 1432 3087 1509 3144; x_wconf 89' lang='lat' dir='ltr'><strong>carni</strong></span> <span class='ocrx_word' id='word_1_446' title='bbox 1528 3094 1556 3144; x_wconf 91' lang='lat' dir='ltr'><strong>et</strong></span> <span class='ocrx_word' id='word_1_447' title='bbox 1576 3087 1713 3160; x_wconf 85' lang='lat' dir='ltr'><strong>sanguini,</strong></span> <span class='ocrx_word' id='word_1_448' title='bbox 1724 3085 1754 3144; x_wconf 87' lang='lat' dir='ltr'><strong>id</strong></span> 
     </span>
     <span class='ocr_line' id='line_1_33' title="bbox 135 3177 1388 3263; baseline -0.022 -15"><span class='ocrx_word' id='word_1_449' title='bbox 135 3201 196 3259; x_wconf 85' lang='lat' dir='ltr'><strong>tur,</strong></span> <span class='ocrx_word' id='word_1_450' title='bbox 219 3192 282 3263; x_wconf 83' lang='lat' dir='ltr'><strong>quia</strong></span> <span class='ocrx_word' id='word_1_451' title='bbox 301 3189 429 3244; x_wconf 82' lang='lat' dir='ltr'><strong>Dominus</strong></span> <span class='ocrx_word' id='word_1_452' title='bbox 441 3188 468 3241; x_wconf 92' lang='lat' dir='ltr'><strong>in</strong></span> <span class='ocrx_word' id='word_1_453' title='bbox 480 3186 538 3251; x_wconf 60' lang='lat' dir='ltr'><strong>cin·</strong></span> <span class='ocrx_word' id='word_1_454' title='bbox 556 3194 584 3239; x_wconf 92' lang='lat' dir='ltr'><strong>ct</strong></span> <span class='ocrx_word' id='word_1_455' title='bbox 598 3183 650 3239; x_wconf 82' lang='lat' dir='ltr'><strong>lroc</strong></span> <span class='ocrx_word' id='word_1_456' title='bbox 670 3181 699 3236; x_wconf 91' lang='lat' dir='ltr'><strong>in</strong></span> <span class='ocrx_word' id='word_1_457' title='bbox 720 3179 787 3235; x_wconf 91' lang='lat' dir='ltr'><strong>Sina</strong></span> <span class='ocrx_word' id='word_1_458' title='bbox 805 3187 921 3242; x_wconf 85' lang='lat' dir='ltr'><strong>sancto,·</strong></span> <span class='ocrx_word' id='word_1_459' title='bbox 971 3179 1181 3237; x_wconf 65' lang='lat' dir='ltr'><strong>scammatibus</strong></span> <span class='ocrx_word' id='word_1_460' title='bbox 1196 3177 1388 3234; x_wconf 62' lang='lat' dir='ltr'><strong>observanciis,</strong></span> 
     </span>
    </p>

    <p class='ocr_par' dir='ltr' id='par_1_7' title="bbox 134 3268 1807 3991">
     <span class='ocr_line' id='line_1_34' title="bbox 139 3268 1755 3352; baseline -0.011 -9"><span class='ocrx_word' id='word_1_461' title='bbox 139 3286 183 3343; x_wconf 82' lang='lat' dir='ltr'><strong>rel</strong></span> <span class='ocrx_word' id='word_1_462' title='bbox 196 3292 303 3350; x_wconf 87' lang='lat' dir='ltr'><strong>sancto,</strong></span> <span class='ocrx_word' id='word_1_463' title='bbox 311 3282 339 3339; x_wconf 89' lang='lat' dir='ltr'><strong>id</strong></span> <span class='ocrx_word' id='word_1_464' title='bbox 352 3289 395 3338; x_wconf 88' lang='lat' dir='ltr'><strong>est</strong></span> <span class='ocrx_word' id='word_1_465' title='bbox 406 3278 540 3352; x_wconf 84' lang='lat' dir='ltr'><strong>implendo</strong></span> <span class='ocrx_word' id='word_1_466' title='bbox 553 3276 722 3340; x_wconf 88' lang='lat' dir='ltr'><strong>mandatum,</strong></span> <span class='ocrx_word' id='word_1_467' title='bbox 734 3271 806 3343; x_wconf 80' lang='lat' dir='ltr'><strong>quoti</strong></span> <span class='ocrx_word' id='word_1_468' title='bbox 819 3269 920 3326; x_wconf 86' lang='lat' dir='ltr'><strong>iactum</strong></span> <span class='ocrx_word' id='word_1_469' title='bbox 1007 3271 1125 3338; x_wconf 90' lang='lat' dir='ltr'><strong>Sanitas,</strong></span> <span class='ocrx_word' id='word_1_470' title='bbox 1141 3270 1260 3341; x_wconf 86' lang='lat' dir='ltr'><strong>proprie.</strong></span> <span class='ocrx_word' id='word_1_471' title='bbox 1284 3268 1390 3326; x_wconf 88' lang='lat' dir='ltr'><strong>Dicitur</strong></span> <span class='ocrx_word' id='word_1_472' title='bbox 1411 3278 1499 3326; x_wconf 87' lang='lat' dir='ltr'><strong>statua</strong></span> <span class='ocrx_word' id='word_1_473' title='bbox 1521 3268 1653 3341; x_wconf 74' lang='lat' dir='ltr'><strong>justitia,</strong></span> <span class='ocrx_word' id='word_1_474' title='bbox 1681 3283 1755 3326; x_wconf 86' lang='lat' dir='ltr'><strong>uuae</strong></span> 
     </span>
     <span class='ocr_line' id='line_1_35' title="bbox 134 3359 1753 3448; baseline -0.019 -13"><span class='ocrx_word' id='word_1_475' title='bbox 134 3391 191 3446; x_wconf 83' lang='lat' dir='ltr'><strong>est3</strong></span> <span class='ocrx_word' id='word_1_476' title='bbox 204 3376 272 3448; x_wconf 79' lang='lat' dir='ltr'><strong>qaid</strong></span> <span class='ocrx_word' id='word_1_477' title='bbox 285 3375 311 3430; x_wconf 85' lang='lat' dir='ltr'><strong>ci</strong></span> <span class='ocrx_word' id='word_1_478' title='bbox 322 3374 432 3445; x_wconf 88' lang='lat' dir='ltr'><strong>prodest</strong></span> <span class='ocrx_word' id='word_1_479' title='bbox 447 3370 604 3426; x_wconf 90' lang='lat' dir='ltr'><strong>mandatum</strong></span> <span class='ocrx_word' id='word_1_480' title='bbox 619 3366 672 3422; x_wconf 87' lang='lat' dir='ltr'><strong>nisi</strong></span> <span class='ocrx_word' id='word_1_481' title='bbox 683 3364 815 3420; x_wconf 90' lang='lat' dir='ltr'><strong>Dominus</strong></span> <span class='ocrx_word' id='word_1_482' title='bbox 832 3361 869 3417; x_wconf 76' lang='lat' dir='ltr'><strong>ilai</strong></span> <span class='ocrx_word' id='word_1_483' title='bbox 885 3360 922 3417; x_wconf 90' lang='lat' dir='ltr'><strong>sit</strong></span> <span class='ocrx_word' id='word_1_484' title='bbox 970 3363 1076 3421; x_wconf 85' lang='lat' dir='ltr'><strong>isaias:</strong></span> <span class='ocrx_word' id='word_1_485' title='bbox 1091 3361 1113 3415; x_wconf 88' lang='lat' dir='ltr'><strong>A</strong></span> <span class='ocrx_word' id='word_1_486' title='bbox 1126 3360 1220 3432; x_wconf 86' lang='lat' dir='ltr'><strong>planta</strong></span> <span class='ocrx_word' id='word_1_487' title='bbox 1247 3359 1320 3430; x_wconf 80' lang='lat' dir='ltr'><strong>pectis</strong></span> <span class='ocrx_word' id='word_1_488' title='bbox 1341 3376 1422 3431; x_wconf 87' lang='lat' dir='ltr'><strong>urpuc</strong></span> <span class='ocrx_word' id='word_1_489' title='bbox 1442 3360 1477 3415; x_wconf 79' lang='lat' dir='ltr'><strong>aa</strong></span> <span class='ocrx_word' id='word_1_490' title='bbox 1491 3360 1615 3416; x_wconf 72' lang='lat' dir='ltr'><strong>aeramen</strong></span> <span class='ocrx_word' id='word_1_491' title='bbox 1632 3376 1683 3415; x_wconf 73' lang='lat' dir='ltr'><strong>non</strong></span> <span class='ocrx_word' id='word_1_492' title='bbox 1711 3368 1753 3415; x_wconf 68' lang='lat' dir='ltr'><strong>m</strong></span> 
     </span>
     <span class='ocr_line' id='line_1_36' title="bbox 135 3449 1754 3540; baseline -0.013 -14"><span class='ocrx_word' id='word_1_493' title='bbox 135 3470 188 3540; x_wconf 73' lang='lat' dir='ltr'><strong>aui</strong></span> <span class='ocrx_word' id='word_1_494' title='bbox 202 3468 248 3524; x_wconf 75' lang='lat' dir='ltr'><strong>dat</strong></span> <span class='ocrx_word' id='word_1_495' title='bbox 258 3465 363 3524; x_wconf 83' lang='lat' dir='ltr'><strong>rellect</strong></span> <span class='ocrx_word' id='word_1_496' title='bbox 376 3460 501 3531; x_wconf 77' lang='lat' dir='ltr'><strong>onerari?</strong></span> <span class='ocrx_word' id='word_1_497' title='bbox 513 3457 596 3515; x_wconf 85' lang='lat' dir='ltr'><strong>Notat</strong></span> <span class='ocrx_word' id='word_1_498' title='bbox 609 3463 730 3514; x_wconf 51' lang='lat' dir='ltr'><strong>tantvm</strong></span> <span class='ocrx_word' id='word_1_499' title='bbox 744 3467 801 3509; x_wconf 71' lang='lat' dir='ltr'><strong>rem</strong></span> <span class='ocrx_word' id='word_1_500' title='bbox 817 3449 920 3508; x_wconf 87' lang='lat' dir='ltr'><strong>sancti·</strong></span> <span class='ocrx_word' id='word_1_501' title='bbox 971 3455 1084 3522; x_wconf 85' lang='lat' dir='ltr'><strong>snuitas,</strong></span> <span class='ocrx_word' id='word_1_502' title='bbox 1096 3452 1177 3509; x_wconf 89' lang='lat' dir='ltr'><strong>idest</strong></span> <span class='ocrx_word' id='word_1_503' title='bbox 1193 3466 1208 3506; x_wconf 91' lang='lat' dir='ltr'><strong>a</strong></span> <span class='ocrx_word' id='word_1_504' title='bbox 1223 3450 1322 3521; x_wconf 78' lang='lat' dir='ltr'><strong>maiori</strong></span> <span class='ocrx_word' id='word_1_505' title='bbox 1341 3466 1429 3522; x_wconf 86' lang='lat' dir='ltr'><strong>usque</strong></span> <span class='ocrx_word' id='word_1_506' title='bbox 1454 3451 1488 3507; x_wconf 90' lang='lat' dir='ltr'><strong>ad</strong></span> <span class='ocrx_word' id='word_1_507' title='bbox 1509 3450 1642 3506; x_wconf 78' lang='lat' dir='ltr'><strong>mitiorem</strong></span> <span class='ocrx_word' id='word_1_508' title='bbox 1662 3449 1754 3506; x_wconf 83' lang='lat' dir='ltr'><strong>trullus</strong></span> 
     </span>
     <span class='ocr_line' id='line_1_37' title="bbox 140 3541 1754 3626; baseline -0.019 2"><span class='ocrx_word' id='word_1_509' title='bbox 140 3562 235 3626; x_wconf 63' lang='lat' dir='ltr'><strong>ficales</strong></span> <span class='ocrx_word' id='word_1_510' title='bbox 257 3557 329 3612; x_wconf 62' lang='lat'><strong>⁰⁰⁶⁰</strong></span> <span class='ocrx_word' id='word_1_511' title='bbox 346 3555 424 3609; x_wconf 62' lang='lat' dir='ltr'><strong>beili</strong></span> <span class='ocrx_word' id='word_1_512' title='bbox 447 3551 525 3623; x_wconf 64' lang='lat' dir='ltr'><strong>liiii&gt;</strong></span> <span class='ocrx_word' id='word_1_513' title='bbox 550 3549 632 3604; x_wconf 57' lang='lat'>“²¹5²</span> <span class='ocrx_word' id='word_1_514' title='bbox 649 3566 657 3603; x_wconf 75' lang='lat'><strong>³</strong></span> <span class='ocrx_word' id='word_1_515' title='bbox 680 3545 750 3612; x_wconf 60' lang='lat' dir='ltr'><strong>Quia</strong></span> <span class='ocrx_word' id='word_1_516' title='bbox 774 3544 835 3614; x_wconf 61' lang='lat'><strong>[²⁶4¹</strong></span> <span class='ocrx_word' id='word_1_517' title='bbox 855 3542 921 3597; x_wconf 81' lang='lat' dir='ltr'><strong>mili</strong></span> <span class='ocrx_word' id='word_1_518' title='bbox 971 3548 1108 3605; x_wconf 81' lang='lat' dir='ltr'><strong>inuenitur</strong></span> <span class='ocrx_word' id='word_1_519' title='bbox 1124 3553 1246 3602; x_wconf 89' lang='lat' dir='ltr'><strong>sauctus.</strong></span> <span class='ocrx_word' id='word_1_520' title='bbox 1269 3541 1351 3600; x_wconf 87' lang='lat' dir='ltr'><strong>llotat</strong></span> <span class='ocrx_word' id='word_1_521' title='bbox 1368 3545 1516 3614; x_wconf 86' lang='lat' dir='ltr'><strong>potentiam</strong></span> <span class='ocrx_word' id='word_1_522' title='bbox 1529 3542 1674 3599; x_wconf 86' lang='lat' dir='ltr'><strong>resistendi</strong></span> <span class='ocrx_word' id='word_1_523' title='bbox 1691 3556 1754 3613; x_wconf 87' lang='lat' dir='ltr'><strong>pcc-</strong></span> 
     </span>
     <span class='ocr_line' id='line_1_38' title="bbox 138 3634 1711 3720; baseline -0.019 -2"><span class='ocrx_word' id='word_1_524' title='bbox 138 3663 247 3720; x_wconf 66' lang='lat' dir='ltr'><strong>miilin</strong></span> <span class='ocrx_word' id='word_1_525' title='bbox 263 3655 328 3711; x_wconf 64' lang='grc' dir='ltr'>θῑθε</span> <span class='ocrx_word' id='word_1_526' title='bbox 345 3652 369 3699; x_wconf 67' lang='lat'><strong>⁶⁸</strong></span> <span class='ocrx_word' id='word_1_527' title='bbox 382 3650 503 3698; x_wconf 54' lang='grc' dir='ltr'><strong>ΜΝ</strong></span> <span class='ocrx_word' id='word_1_528' title='bbox 522 3653 616 3694; x_wconf 65' lang='lat' dir='ltr'><strong>’lilim</strong></span> <span class='ocrx_word' id='word_1_529' title='bbox 635 3637 702 3707; x_wconf 66' lang='lat'><strong>‘5¹⁴⁸-</strong></span> <span class='ocrx_word' id='word_1_530' title='bbox 721 3634 827 3689; x_wconf 62' lang='lat' dir='ltr'><strong>Milli</strong></span> <span class='ocrx_word' id='word_1_531' title='bbox 839 3634 921 3689; x_wconf 61' lang='lat' dir='ltr'><strong>illim</strong></span> <span class='ocrx_word' id='word_1_532' title='bbox 970 3651 1042 3709; x_wconf 89' lang='lat' dir='ltr'><strong>cato,</strong></span> <span class='ocrx_word' id='word_1_533' title='bbox 1056 3640 1129 3695; x_wconf 88' lang='lat' dir='ltr'><strong>uude</strong></span> <span class='ocrx_word' id='word_1_534' title='bbox 1139 3638 1222 3695; x_wconf 84' lang='lat' dir='ltr'><strong>Dauid</strong></span> <span class='ocrx_word' id='word_1_535' title='bbox 1238 3654 1246 3691; x_wconf 75' lang='grc' dir='ltr'><strong>ε</strong></span> <span class='ocrx_word' id='word_1_536' title='bbox 1262 3636 1371 3693; x_wconf 76' lang='lat' dir='ltr'><strong>Namnet</strong></span> <span class='ocrx_word' id='word_1_537' title='bbox 1386 3637 1488 3691; x_wconf 85' lang='lat' dir='ltr'><strong>sanitas</strong></span> <span class='ocrx_word' id='word_1_538' title='bbox 1503 3636 1531 3690; x_wconf 93' lang='lat' dir='ltr'><strong>in</strong></span> <span class='ocrx_word' id='word_1_539' title='bbox 1548 3649 1626 3689; x_wconf 82' lang='lat' dir='ltr'><strong>carne</strong></span> <span class='ocrx_word' id='word_1_540' title='bbox 1643 3651 1711 3689; x_wconf 85' lang='lat' dir='ltr'><strong>mea.</strong></span> 
     </span>
     <span class='ocr_line' id='line_1_39' title="bbox 140 3723 1807 3807; baseline -0.017 -2"><span class='ocrx_word' id='word_1_541' title='bbox 140 3738 262 3797; x_wconf 75' lang='lat' dir='ltr'><strong>morior</strong></span> <span class='ocrx_word' id='word_1_542' title='bbox 274 3751 338 3807; x_wconf 77' lang='lat' dir='ltr'><strong>nan</strong></span> <span class='ocrx_word' id='word_1_543' title='bbox 354 3732 456 3804; x_wconf 79' lang='lat' dir='ltr'><strong>tempu,</strong></span> <span class='ocrx_word' id='word_1_544' title='bbox 467 3746 529 3803; x_wconf 72' lang='lat' dir='ltr'><strong>aaa</strong></span> <span class='ocrx_word' id='word_1_545' title='bbox 545 3729 571 3785; x_wconf 83' lang='lat' dir='ltr'><strong>tn</strong></span> <span class='ocrx_word' id='word_1_546' title='bbox 585 3726 675 3785; x_wconf 76' lang='lat' dir='ltr'><strong>Veteri</strong></span> <span class='ocrx_word' id='word_1_547' title='bbox 693 3724 867 3782; x_wconf 74' lang='lat' dir='ltr'><strong>Testamenta</strong></span> <span class='ocrx_word' id='word_1_548' title='bbox 879 3723 922 3778; x_wconf 79' lang='lat' dir='ltr'><strong>di·</strong></span> <span class='ocrx_word' id='word_1_549' title='bbox 1006 3729 1115 3800; x_wconf 73' lang='lat' dir='ltr'><strong>sapere,</strong></span> <span class='ocrx_word' id='word_1_550' title='bbox 1132 3728 1251 3800; x_wconf 77' lang='lat' dir='ltr'><strong>proprie.</strong></span> <span class='ocrx_word' id='word_1_551' title='bbox 1264 3725 1346 3782; x_wconf 79' lang='lat' dir='ltr'><strong>unum</strong></span> <span class='ocrx_word' id='word_1_552' title='bbox 1370 3726 1515 3797; x_wconf 73' lang='lat' dir='ltr'><strong>errretupcm</strong></span> <span class='ocrx_word' id='word_1_553' title='bbox 1528 3724 1755 3795; x_wconf 75' lang='lat' dir='ltr'><strong>nctmmpnncn-</strong></span> <span class='ocrx_word' id='word_1_554' title='bbox 1801 3738 1807 3749; x_wconf 88' lang='lat'><em>·</em></span> 
     </span>
     <span class='ocr_line' id='line_1_40' title="bbox 138 3812 1754 3897; baseline -0.019 1"><span class='ocrx_word' id='word_1_555' title='bbox 138 3832 253 3889; x_wconf 66' lang='lat' dir='ltr'><strong>tibilim·</strong></span> <span class='ocrx_word' id='word_1_556' title='bbox 265 3836 372 3893; x_wconf 66' lang='lat' dir='ltr'><strong>⁸³⁰le</strong></span> <span class='ocrx_word' id='word_1_557' title='bbox 386 3824 522 3897; x_wconf 68' lang='grc' dir='ltr'><strong>Ρθῦίθῐὶθῐ</strong></span> <span class='ocrx_word' id='word_1_558' title='bbox 531 3836 595 3893; x_wconf 63' lang='lat' dir='ltr'><strong>Dari</strong></span> <span class='ocrx_word' id='word_1_559' title='bbox 607 3819 699 3890; x_wconf 60' lang='lat' dir='ltr'><strong>[milli</strong></span> <span class='ocrx_word' id='word_1_560' title='bbox 714 3817 844 3874; x_wconf 63' lang='lat' dir='ltr'><strong>Sanctum</strong></span> <span class='ocrx_word' id='word_1_561' title='bbox 858 3829 922 3871; x_wconf 65' lang='lat'><strong>⁸³11·</strong></span> <span class='ocrx_word' id='word_1_562' title='bbox 970 3821 1043 3889; x_wconf 77' lang='lat' dir='ltr'><strong>nne,</strong></span> <span class='ocrx_word' id='word_1_563' title='bbox 1054 3820 1128 3876; x_wconf 84' lang='lat' dir='ltr'><strong>uude</strong></span> <span class='ocrx_word' id='word_1_564' title='bbox 1140 3817 1242 3874; x_wconf 89' lang='lat' dir='ltr'><strong>Paulus</strong></span> <span class='ocrx_word' id='word_1_565' title='bbox 1256 3834 1264 3872; x_wconf 76' lang='grc' dir='ltr'>ι</span> <span class='ocrx_word' id='word_1_566' title='bbox 1283 3814 1349 3872; x_wconf 85' lang='lat' dir='ltr'><strong>Cum</strong></span> <span class='ocrx_word' id='word_1_567' title='bbox 1369 3830 1451 3871; x_wconf 82' lang='lat' dir='ltr'><strong>essem</strong></span> <span class='ocrx_word' id='word_1_568' title='bbox 1469 3813 1605 3887; x_wconf 85' lang='lat' dir='ltr'><strong>paruulus,</strong></span> <span class='ocrx_word' id='word_1_569' title='bbox 1620 3812 1754 3884; x_wconf 77' lang='lat' dir='ltr'><strong>capicium</strong></span> 
     </span>
     <span class='ocr_line' id='line_1_41' title="bbox 138 3901 1754 3991; baseline -0.013 -9"><span class='ocrx_word' id='word_1_570' title='bbox 138 3934 260 3991; x_wconf 84' lang='lat' dir='ltr'><strong>ctorum,</strong></span> <span class='ocrx_word' id='word_1_571' title='bbox 282 3921 310 3977; x_wconf 88' lang='lat' dir='ltr'><strong>id</strong></span> <span class='ocrx_word' id='word_1_572' title='bbox 328 3928 370 3977; x_wconf 85' lang='lat' dir='ltr'><strong>est</strong></span> <span class='ocrx_word' id='word_1_573' title='bbox 386 3915 587 3991; x_wconf 83' lang='lat' dir='ltr'><strong>prosecutivum</strong></span> <span class='ocrx_word' id='word_1_574' title='bbox 608 3919 672 3983; x_wconf 91' lang='lat' dir='ltr'><strong>post</strong></span> <span class='ocrx_word' id='word_1_575' title='bbox 691 3918 796 3967; x_wconf 88' lang='lat' dir='ltr'><strong>sancta.</strong></span> <span class='ocrx_word' id='word_1_576' title='bbox 818 3905 924 3964; x_wconf 84' lang='lat' dir='ltr'><strong>Dicitur</strong></span> <span class='ocrx_word' id='word_1_577' title='bbox 970 3918 1000 3965; x_wconf 90' lang='lat' dir='ltr'><strong>ut</strong></span> <span class='ocrx_word' id='word_1_578' title='bbox 1012 3908 1148 3982; x_wconf 81' lang='lat' dir='ltr'><strong>paruulus.</strong></span> <span class='ocrx_word' id='word_1_579' title='bbox 1159 3905 1240 3962; x_wconf 84' lang='lat' dir='ltr'><strong>Notat</strong></span> <span class='ocrx_word' id='word_1_580' title='bbox 1250 3905 1416 3975; x_wconf 81' lang='lat' dir='ltr'><strong>inuestigare,</strong></span> <span class='ocrx_word' id='word_1_581' title='bbox 1426 3903 1498 3961; x_wconf 78' lang='lat' dir='ltr'><strong>uncle</strong></span> <span class='ocrx_word' id='word_1_582' title='bbox 1511 3901 1583 3960; x_wconf 82' lang='lat' dir='ltr'><strong>idem</strong></span> <span class='ocrx_word' id='word_1_583' title='bbox 1599 3920 1607 3957; x_wconf 76' lang='grc' dir='ltr'><strong>ε</strong></span> <span class='ocrx_word' id='word_1_584' title='bbox 1622 3901 1683 3958; x_wconf 89' lang='lat' dir='ltr'><strong>Nan</strong></span> <span class='ocrx_word' id='word_1_585' title='bbox 1693 3903 1754 3975; x_wconf 86' lang='lat' dir='ltr'><strong>pius</strong></span> 
     </span>
    </p>
   </div>
   <div class='ocr_carea' id='block_1_7' title="bbox 140 3998 1381 4074">
    <p class='ocr_par' dir='ltr' id='par_1_8' title="bbox 140 3998 1381 4074">
     <span class='ocr_line' id='line_1_42' title="bbox 140 3998 1381 4074; baseline -0.018 -1"><span class='ocrx_word' id='word_1_586' title='bbox 140 4023 243 4073; x_wconf 76' lang='lat' dir='ltr'><strong>nosue</strong></span> <span class='ocrx_word' id='word_1_587' title='bbox 265 4010 418 4070; x_wconf 75' lang='lat' dir='ltr'><strong>saucfitatis</strong></span> <span class='ocrx_word' id='word_1_588' title='bbox 436 4005 544 4065; x_wconf 86' lang='lat' dir='ltr'><strong>occasio</strong></span> <span class='ocrx_word' id='word_1_589' title='bbox 555 4004 598 4061; x_wconf 83' lang='lat' dir='ltr'><strong>ml</strong></span> <span class='ocrx_word' id='word_1_590' title='bbox 617 4001 763 4069; x_wconf 86' lang='lat' dir='ltr'><strong>causa,ch</strong></span> <span class='ocrx_word' id='word_1_591' title='bbox 775 3998 839 4071; x_wconf 81' lang='lat' dir='ltr'><strong>quia</strong></span> <span class='ocrx_word' id='word_1_592' title='bbox 857 4011 923 4055; x_wconf 85' lang='lat' dir='ltr'><strong>sau·</strong></span> <span class='ocrx_word' id='word_1_593' title='bbox 971 4019 1062 4074; x_wconf 75' lang='lat' dir='ltr'><strong>rapere</strong></span> <span class='ocrx_word' id='word_1_594' title='bbox 1075 4018 1155 4074; x_wconf 77' lang='lat' dir='ltr'><strong>quum</strong></span> <span class='ocrx_word' id='word_1_595' title='bbox 1167 4006 1267 4070; x_wconf 83' lang='lat' dir='ltr'><strong>oportet</strong></span> <span class='ocrx_word' id='word_1_596' title='bbox 1279 4012 1381 4068; x_wconf 83' lang='lat' dir='ltr'><strong>sapere.</strong></span> 
     </span>
    </p>
   </div>
   <div class='ocr_carea' id='block_1_8' title="bbox 138 4097 923 4363">
    <p class='ocr_par' dir='ltr' id='par_1_9' title="bbox 138 4097 923 4363">
     <span class='ocr_line' id='line_1_43' title="bbox 138 4097 754 4176; baseline -0.026 -12"><span class='ocrx_word' id='word_1_597' title='bbox 138 4116 217 4165; x_wconf 88' lang='lat' dir='ltr'><strong>ctum</strong></span> <span class='ocrx_word' id='word_1_598' title='bbox 230 4114 361 4176; x_wconf 81' lang='lat' dir='ltr'><strong>tangens3</strong></span> <span class='ocrx_word' id='word_1_599' title='bbox 376 4100 447 4159; x_wconf 76' lang='lat' dir='ltr'><strong>uncle</strong></span> <span class='ocrx_word' id='word_1_600' title='bbox 459 4097 559 4157; x_wconf 81' lang='lat' dir='ltr'><strong>dicitur</strong></span> <span class='ocrx_word' id='word_1_601' title='bbox 572 4110 640 4152; x_wconf 79' lang='lat' dir='ltr'><strong>crux</strong></span> <span class='ocrx_word' id='word_1_602' title='bbox 650 4102 754 4151; x_wconf 86' lang='lat' dir='ltr'><strong>sancta.</strong></span> 
     </span>
     <span class='ocr_line' id='line_1_44' title="bbox 177 4182 922 4272; baseline -0.024 -16"><span class='ocrx_word' id='word_1_603' title='bbox 177 4199 305 4272; x_wconf 79' lang='lat' dir='ltr'><strong>Sanguis,</strong></span> <span class='ocrx_word' id='word_1_604' title='bbox 318 4196 438 4268; x_wconf 87' lang='lat' dir='ltr'><strong>proprie.</strong></span> <span class='ocrx_word' id='word_1_605' title='bbox 452 4194 555 4251; x_wconf 87' lang='lat' dir='ltr'><strong>Dicitur</strong></span> <span class='ocrx_word' id='word_1_606' title='bbox 565 4199 684 4249; x_wconf 74' lang='lat' dir='ltr'><strong>cruenta</strong></span> <span class='ocrx_word' id='word_1_607' title='bbox 696 4187 795 4244; x_wconf 89' lang='lat' dir='ltr'><strong>mentis</strong></span> <span class='ocrx_word' id='word_1_608' title='bbox 807 4182 922 4246; x_wconf 83' lang='lat' dir='ltr'><strong>malitia,</strong></span> 
     </span>
     <span class='ocr_line' id='line_1_45' title="bbox 142 4278 923 4363; baseline -0.026 -13"><span class='ocrx_word' id='word_1_609' title='bbox 142 4292 216 4351; x_wconf 84' lang='lat' dir='ltr'><strong>nnuc</strong></span> <span class='ocrx_word' id='word_1_610' title='bbox 229 4291 365 4363; x_wconf 84' lang='lat' dir='ltr'><strong>Propheta</strong></span> <span class='ocrx_word' id='word_1_611' title='bbox 381 4305 389 4342; x_wconf 78' lang='grc' dir='ltr'><strong>ε</strong></span> <span class='ocrx_word' id='word_1_612' title='bbox 407 4285 521 4360; x_wconf 80' lang='lat' dir='ltr'><strong>Sanguis</strong></span> <span class='ocrx_word' id='word_1_613' title='bbox 533 4285 591 4356; x_wconf 79' lang='lat' dir='ltr'><strong>ejas</strong></span> <span class='ocrx_word' id='word_1_614' title='bbox 606 4284 635 4338; x_wconf 88' lang='lat' dir='ltr'><strong>in</strong></span> <span class='ocrx_word' id='word_1_615' title='bbox 650 4281 736 4337; x_wconf 82' lang='lat' dir='ltr'><strong>medio</strong></span> <span class='ocrx_word' id='word_1_616' title='bbox 756 4278 824 4349; x_wconf 80' lang='lat' dir='ltr'><strong>ejas,</strong></span> <span class='ocrx_word' id='word_1_617' title='bbox 846 4291 923 4346; x_wconf 83' lang='lat' dir='ltr'><strong>super</strong></span> 
     </span>
    </p>
   </div>
   <div class='ocr_carea' id='block_1_9' title="bbox 972 4084 1756 4348">
    <p class='ocr_par' dir='ltr' id='par_1_10' title="bbox 972 4084 1756 4348">
     <span class='ocr_line' id='line_1_46' title="bbox 1007 4084 1755 4165; baseline -0.009 -15"><span class='ocrx_word' id='word_1_618' title='bbox 1007 4092 1145 4165; x_wconf 85' lang='lat' dir='ltr'><strong>Sapientia</strong></span> <span class='ocrx_word' id='word_1_619' title='bbox 1166 4089 1315 4163; x_wconf 81' lang='lat' dir='ltr'><strong>aliquando</strong></span> <span class='ocrx_word' id='word_1_620' title='bbox 1335 4088 1410 4161; x_wconf 84' lang='lat' dir='ltr'><strong>large</strong></span> <span class='ocrx_word' id='word_1_621' title='bbox 1426 4084 1560 4156; x_wconf 73' lang='lat' dir='ltr'><strong>sumitur,</strong></span> <span class='ocrx_word' id='word_1_622' title='bbox 1581 4097 1612 4144; x_wconf 94' lang='lat' dir='ltr'><strong>ut</strong></span> <span class='ocrx_word' id='word_1_623' title='bbox 1628 4089 1755 4159; x_wconf 71' lang='lat' dir='ltr'><strong>qualibet</strong></span> 
     </span>
     <span class='ocr_line' id='line_1_47' title="bbox 972 4177 1752 4254; baseline -0.004 -13"><span class='ocrx_word' id='word_1_624' title='bbox 972 4184 1087 4242; x_wconf 89' lang='lat' dir='ltr'><strong>scicntia</strong></span> <span class='ocrx_word' id='word_1_625' title='bbox 1110 4181 1243 4254; x_wconf 86' lang='lat' dir='ltr'><strong>sapientia</strong></span> <span class='ocrx_word' id='word_1_626' title='bbox 1273 4189 1402 4247; x_wconf 65' lang='lat' dir='ltr'><strong>nocetum</strong></span> <span class='ocrx_word' id='word_1_627' title='bbox 1428 4178 1500 4235; x_wconf 85' lang='lat' dir='ltr'><strong>unda</strong></span> <span class='ocrx_word' id='word_1_628' title='bbox 1525 4177 1626 4235; x_wconf 86' lang='lat' dir='ltr'><strong>dicitur</strong></span> <span class='ocrx_word' id='word_1_629' title='bbox 1651 4179 1680 4234; x_wconf 92' lang='lat' dir='ltr'><strong>in</strong></span> <span class='ocrx_word' id='word_1_630' title='bbox 1704 4179 1752 4238; x_wconf 86' lang='lat' dir='ltr'><strong>lilr.</strong></span> 
     </span>
     <span class='ocr_line' id='line_1_48' title="bbox 973 4267 1756 4348; baseline -0.011 -16"><span class='ocrx_word' id='word_1_631' title='bbox 973 4273 1120 4348; x_wconf 82' lang='lat' dir='ltr'><strong>Sapientiae</strong></span> <span class='ocrx_word' id='word_1_632' title='bbox 1134 4272 1177 4329; x_wconf 82' lang='lat' dir='ltr'><strong>rel</strong></span> <span class='ocrx_word' id='word_1_633' title='bbox 1196 4271 1225 4328; x_wconf 90' lang='lat' dir='ltr'><strong>in</strong></span> <span class='ocrx_word' id='word_1_634' title='bbox 1245 4269 1310 4327; x_wconf 83' lang='lat' dir='ltr'><strong>Jcsu</strong></span> <span class='ocrx_word' id='word_1_635' title='bbox 1324 4269 1381 4325; x_wconf 85' lang='lat' dir='ltr'><strong>lilio</strong></span> <span class='ocrx_word' id='word_1_636' title='bbox 1396 4268 1504 4336; x_wconf 86' lang='lat' dir='ltr'><strong>Sirach,</strong></span> <span class='ocrx_word' id='word_1_637' title='bbox 1517 4269 1561 4325; x_wconf 85' lang='lat' dir='ltr'><strong>uel</strong></span> <span class='ocrx_word' id='word_1_638' title='bbox 1577 4269 1606 4324; x_wconf 90' lang='lat' dir='ltr'><strong>in</strong></span> <span class='ocrx_word' id='word_1_639' title='bbox 1620 4267 1756 4325; x_wconf 84' lang='lat' dir='ltr'><strong>Ecclesia·</strong></span> 
     </span>
    </p>
   </div>
   <div class='ocr_carea' id='block_1_10' title="bbox 141 4359 1755 4458">
    <p class='ocr_par' dir='ltr' id='par_1_11' title="bbox 141 4359 1755 4458">
     <span class='ocr_line' id='line_1_49' title="bbox 141 4359 1755 4458; baseline -0.019 -17"><span class='ocrx_word' id='word_1_640' title='bbox 141 4394 245 4458; x_wconf 82' lang='lat' dir='ltr'><strong>petram</strong></span> <span class='ocrx_word' id='word_1_641' title='bbox 264 4383 479 4453; x_wconf 78' lang='lat' dir='ltr'><strong>limpidissimam</strong></span> <span class='ocrx_word' id='word_1_642' title='bbox 507 4378 601 4448; x_wconf 68' lang='lat' dir='ltr'><strong>effudit</strong></span> <span class='ocrx_word' id='word_1_643' title='bbox 631 4376 718 4431; x_wconf 86' lang='lat' dir='ltr'><strong>ilium.</strong></span> <span class='ocrx_word' id='word_1_644' title='bbox 750 4371 812 4427; x_wconf 89' lang='lat' dir='ltr'><strong>Non</strong></span> <span class='ocrx_word' id='word_1_645' title='bbox 828 4371 921 4441; x_wconf 66' lang='lat' dir='ltr'><strong>effudit</strong></span> <span class='ocrx_word' id='word_1_646' title='bbox 936 4367 1061 4438; x_wconf 81' lang='lat' dir='ltr'><strong>nstioo:</strong></span> <span class='ocrx_word' id='word_1_647' title='bbox 1077 4359 1755 4434; x_wconf 83' lang='lat' dir='ltr'><strong>OmnissapientiaaDominoDcoest.Aliquarnlo</strong></span> 
     </span>
    </p>
   </div>
   <div class='ocr_carea' id='block_1_11' title="bbox 139 4459 941 5746">
    <p class='ocr_par' dir='ltr' id='par_1_12' title="bbox 139 4459 941 5746">
     <span class='ocr_line' id='line_1_50' title="bbox 140 4459 923 4546; baseline -0.028 -12"><span class='ocrx_word' id='word_1_648' title='bbox 140 4476 221 4541; x_wconf 88' lang='lat' dir='ltr'><strong>ilium</strong></span> <span class='ocrx_word' id='word_1_649' title='bbox 234 4491 312 4546; x_wconf 87' lang='lat' dir='ltr'><strong>super</strong></span> <span class='ocrx_word' id='word_1_650' title='bbox 323 4482 420 4528; x_wconf 82' lang='lat' dir='ltr'><strong>terram</strong></span> <span class='ocrx_word' id='word_1_651' title='bbox 434 4480 463 4525; x_wconf 91' lang='lat' dir='ltr'><strong>ut</strong></span> <span class='ocrx_word' id='word_1_652' title='bbox 477 4470 558 4540; x_wconf 85' lang='lat' dir='ltr'><strong>possit</strong></span> <span class='ocrx_word' id='word_1_653' title='bbox 572 4467 669 4538; x_wconf 84' lang='lat' dir='ltr'><strong>operiri</strong></span> <span class='ocrx_word' id='word_1_654' title='bbox 683 4462 796 4535; x_wconf 84' lang='lat' dir='ltr'><strong>pulnere.</strong></span> <span class='ocrx_word' id='word_1_655' title='bbox 808 4459 859 4516; x_wconf 82' lang='lat' dir='ltr'><strong>Der</strong></span> <span class='ocrx_word' id='word_1_656' title='bbox 869 4467 923 4513; x_wconf 84' lang='lat' dir='ltr'><strong>tar·</strong></span> 
     </span>
     <span class='ocr_line' id='line_1_51' title="bbox 139 4549 941 4638; baseline -0.032 -11"><span class='ocrx_word' id='word_1_657' title='bbox 139 4584 203 4626; x_wconf 84' lang='lat' dir='ltr'><strong>ram</strong></span> <span class='ocrx_word' id='word_1_658' title='bbox 215 4575 244 4625; x_wconf 90' lang='lat' dir='ltr'><strong>et</strong></span> <span class='ocrx_word' id='word_1_659' title='bbox 256 4566 395 4638; x_wconf 83' lang='lat' dir='ltr'><strong>puluerem</strong></span> <span class='ocrx_word' id='word_1_660' title='bbox 411 4570 578 4635; x_wconf 78' lang='lat' dir='ltr'><strong>peccatores,</strong></span> <span class='ocrx_word' id='word_1_661' title='bbox 590 4572 640 4629; x_wconf 88' lang='lat' dir='ltr'><strong>per</strong></span> <span class='ocrx_word' id='word_1_662' title='bbox 649 4565 753 4627; x_wconf 88' lang='lat' dir='ltr'><strong>petram</strong></span> <span class='ocrx_word' id='word_1_663' title='bbox 764 4549 924 4627; x_wconf 85' lang='lat' dir='ltr'><strong>limpidissl-</strong></span> <span class='ocrx_word' id='word_1_664' title='bbox 939 4561 941 4565; x_wconf 88' lang='lat'>·</span> 
     </span>
     <span class='ocr_line' id='line_1_52' title="bbox 142 4651 924 4733; baseline -0.035 -12"><span class='ocrx_word' id='word_1_665' title='bbox 142 4676 217 4723; x_wconf 81' lang='lat' dir='ltr'><strong>ruam</strong></span> <span class='ocrx_word' id='word_1_666' title='bbox 224 4659 329 4733; x_wconf 81' lang='lat' dir='ltr'><strong>iustum</strong></span> <span class='ocrx_word' id='word_1_667' title='bbox 339 4658 461 4729; x_wconf 82' lang='lat' dir='ltr'><strong>signans.</strong></span> <span class='ocrx_word' id='word_1_668' title='bbox 470 4653 517 4724; x_wconf 85' lang='lat' dir='ltr'><strong>qui</strong></span> <span class='ocrx_word' id='word_1_669' title='bbox 531 4651 658 4723; x_wconf 83' lang='lat' dir='ltr'><strong>gravibus</strong></span> <span class='ocrx_word' id='word_1_670' title='bbox 668 4653 842 4719; x_wconf 87' lang='lat' dir='ltr'><strong>peccatorum</strong></span> <span class='ocrx_word' id='word_1_671' title='bbox 856 4655 924 4697; x_wconf 89' lang='lat' dir='ltr'><strong>con·</strong></span> 
     </span>
     <span class='ocr_line' id='line_1_53' title="bbox 141 4732 925 4828; baseline -0.033 -15"><span class='ocrx_word' id='word_1_672' title='bbox 141 4754 227 4828; x_wconf 81' lang='lat' dir='ltr'><strong>tagiis</strong></span> <span class='ocrx_word' id='word_1_673' title='bbox 236 4767 291 4809; x_wconf 91' lang='lat' dir='ltr'><strong>uon</strong></span> <span class='ocrx_word' id='word_1_674' title='bbox 302 4758 488 4821; x_wconf 84' lang='lat' dir='ltr'><strong>exasperatur.</strong></span> <span class='ocrx_word' id='word_1_675' title='bbox 503 4742 619 4815; x_wconf 88' lang='lat' dir='ltr'><strong>Sanguis</strong></span> <span class='ocrx_word' id='word_1_676' title='bbox 628 4753 694 4797; x_wconf 81' lang='lat' dir='ltr'><strong>nero</strong></span> <span class='ocrx_word' id='word_1_677' title='bbox 702 4751 783 4808; x_wconf 90' lang='lat' dir='ltr'><strong>supra</strong></span> <span class='ocrx_word' id='word_1_678' title='bbox 792 4732 925 4804; x_wconf 87' lang='lat' dir='ltr'><strong>limpidis·</strong></span> 
     </span>
     <span class='ocr_line' id='line_1_54' title="bbox 139 4830 926 4915; baseline -0.032 -8"><span class='ocrx_word' id='word_1_679' title='bbox 139 4849 244 4908; x_wconf 63' lang='lat' dir='ltr'><strong>«simam</strong></span> <span class='ocrx_word' id='word_1_680' title='bbox 268 4854 372 4915; x_wconf 86' lang='lat' dir='ltr'><strong>petram</strong></span> <span class='ocrx_word' id='word_1_681' title='bbox 393 4839 539 4898; x_wconf 77' lang='lat' dir='ltr'><strong>effunditur</strong></span> <span class='ocrx_word' id='word_1_682' title='bbox 561 4832 670 4906; x_wconf 80' lang='lat' dir='ltr'><strong>quando</strong></span> <span class='ocrx_word' id='word_1_683' title='bbox 687 4830 792 4887; x_wconf 88' lang='lat' dir='ltr'><strong>malitia</strong></span> <span class='ocrx_word' id='word_1_684' title='bbox 807 4837 926 4885; x_wconf 76' lang='lat' dir='ltr'><strong>cruentae</strong></span> 
     </span>
     <span class='ocr_line' id='line_1_55' title="bbox 145 4918 927 4998; baseline -0.031 -1"><span class='ocrx_word' id='word_1_685' title='bbox 145 4935 247 4996; x_wconf 84' lang='lat' dir='ltr'><strong>mentis</strong></span> <span class='ocrx_word' id='word_1_686' title='bbox 260 4935 290 4990; x_wconf 93' lang='lat' dir='ltr'><strong>in</strong></span> <span class='ocrx_word' id='word_1_687' title='bbox 303 4934 448 4990; x_wconf 83' lang='lat' dir='ltr'><strong>afflictione</strong></span> <span class='ocrx_word' id='word_1_688' title='bbox 460 4929 558 4986; x_wconf 78' lang='lat' dir='ltr'><strong>animae</strong></span> <span class='ocrx_word' id='word_1_689' title='bbox 568 4927 651 4998; x_wconf 73' lang='lat' dir='ltr'><strong>justa</strong></span> <span class='ocrx_word' id='word_1_690' title='bbox 657 4931 806 4995; x_wconf 86' lang='lat' dir='ltr'><strong>grassatur.</strong></span> <span class='ocrx_word' id='word_1_691' title='bbox 822 4918 927 4976; x_wconf 86' lang='lat' dir='ltr'><strong>Dicitur</strong></span> 
     </span>
     <span class='ocr_line' id='line_1_56' title="bbox 146 5013 927 5103; baseline -0.026 -16"><span class='ocrx_word' id='word_1_692' title='bbox 146 5037 302 5103; x_wconf 86' lang='lat' dir='ltr'><strong>peccatum,</strong></span> <span class='ocrx_word' id='word_1_693' title='bbox 317 5030 381 5099; x_wconf 88' lang='lat' dir='ltr'><strong>quin</strong></span> <span class='ocrx_word' id='word_1_694' title='bbox 394 5023 559 5083; x_wconf 84' lang='lat' dir='ltr'><strong>aburrdautia</strong></span> <span class='ocrx_word' id='word_1_695' title='bbox 573 5016 715 5090; x_wconf 90' lang='lat' dir='ltr'><strong>sanguinis</strong></span> <span class='ocrx_word' id='word_1_696' title='bbox 730 5013 869 5069; x_wconf 89' lang='lat' dir='ltr'><strong>multoties</strong></span> <span class='ocrx_word' id='word_1_697' title='bbox 885 5018 927 5067; x_wconf 86' lang='grc' dir='ltr'><strong>εει</strong></span> 
     </span>
     <span class='ocr_line' id='line_1_57' title="bbox 147 5105 926 5191; baseline -0.032 -10"><span class='ocrx_word' id='word_1_698' title='bbox 147 5138 231 5182; x_wconf 92' lang='lat' dir='ltr'><strong>causa</strong></span> <span class='ocrx_word' id='word_1_699' title='bbox 243 5121 348 5191; x_wconf 87' lang='lat' dir='ltr'><strong>peceati</strong></span> <span class='ocrx_word' id='word_1_700' title='bbox 366 5118 489 5184; x_wconf 81' lang='lat' dir='ltr'><strong>luxuriae,</strong></span> <span class='ocrx_word' id='word_1_701' title='bbox 504 5114 562 5181; x_wconf 80' lang='lat' dir='ltr'><strong>inm,</strong></span> <span class='ocrx_word' id='word_1_702' title='bbox 575 5108 718 5181; x_wconf 77' lang='lat' dir='ltr'><strong>superbia.</strong></span> <span class='ocrx_word' id='word_1_703' title='bbox 730 5105 844 5162; x_wconf 85' lang='lat' dir='ltr'><strong>Nomine</strong></span> <span class='ocrx_word' id='word_1_704' title='bbox 860 5117 926 5158; x_wconf 86' lang='lat' dir='ltr'><strong>san·</strong></span> 
     </span>
     <span class='ocr_line' id='line_1_58' title="bbox 147 5196 927 5289; baseline -0.031 -18"><span class='ocrx_word' id='word_1_705' title='bbox 147 5214 241 5289; x_wconf 89' lang='lat' dir='ltr'><strong>guinis</strong></span> <span class='ocrx_word' id='word_1_706' title='bbox 250 5214 382 5284; x_wconf 89' lang='lat' dir='ltr'><strong>liguratur</strong></span> <span class='ocrx_word' id='word_1_707' title='bbox 388 5216 538 5279; x_wconf 87' lang='lat' dir='ltr'><strong>peccatum,</strong></span> <span class='ocrx_word' id='word_1_708' title='bbox 549 5203 621 5260; x_wconf 87' lang='lat' dir='ltr'><strong>unde</strong></span> <span class='ocrx_word' id='word_1_709' title='bbox 628 5196 848 5269; x_wconf 79' lang='lat' dir='ltr'><strong>lsaias18anpuis</strong></span> <span class='ocrx_word' id='word_1_710' title='bbox 863 5209 927 5249; x_wconf 88' lang='lat' dir='ltr'><strong>san·</strong></span> 
     </span>
     <span class='ocr_line' id='line_1_59' title="bbox 149 5292 926 5383; baseline -0.032 -19"><span class='ocrx_word' id='word_1_711' title='bbox 149 5309 254 5383; x_wconf 80' lang='lat' dir='ltr'><strong>puinem</strong></span> <span class='ocrx_word' id='word_1_712' title='bbox 264 5303 360 5374; x_wconf 82' lang='lat' dir='ltr'><strong>tetipit,</strong></span> <span class='ocrx_word' id='word_1_713' title='bbox 374 5300 455 5355; x_wconf 87' lang='lat' dir='ltr'><strong>idest</strong></span> <span class='ocrx_word' id='word_1_714' title='bbox 464 5306 603 5368; x_wconf 88' lang='lat' dir='ltr'><strong>peccatum</strong></span> <span class='ocrx_word' id='word_1_715' title='bbox 614 5292 736 5350; x_wconf 82' lang='lat' dir='ltr'><strong>aduttum</strong></span> <span class='ocrx_word' id='word_1_716' title='bbox 745 5296 787 5345; x_wconf 86' lang='grc' dir='ltr'><strong>εει</strong></span> <span class='ocrx_word' id='word_1_717' title='bbox 800 5293 926 5358; x_wconf 85' lang='lat' dir='ltr'><strong>peecato;</strong></span> 
     </span>
     <span class='ocr_line' id='line_1_60' title="bbox 150 5379 929 5463; baseline -0.033 -6"><span class='ocrx_word' id='word_1_718' title='bbox 150 5411 179 5458; x_wconf 89' lang='grc' dir='ltr'><strong>ει</strong></span> <span class='ocrx_word' id='word_1_719' title='bbox 190 5397 269 5455; x_wconf 82' lang='lat' dir='ltr'><strong>alibi:</strong></span> <span class='ocrx_word' id='word_1_720' title='bbox 282 5395 380 5450; x_wconf 82' lang='lat' dir='ltr'><strong>Beatus</strong></span> <span class='ocrx_word' id='word_1_721' title='bbox 390 5391 434 5463; x_wconf 85' lang='lat' dir='ltr'><strong>qui</strong></span> <span class='ocrx_word' id='word_1_722' title='bbox 444 5389 514 5443; x_wconf 89' lang='lat' dir='ltr'><strong>lauat</strong></span> <span class='ocrx_word' id='word_1_723' title='bbox 523 5405 615 5443; x_wconf 81' lang='lat' dir='ltr'><strong>manus</strong></span> <span class='ocrx_word' id='word_1_724' title='bbox 625 5401 687 5442; x_wconf 88' lang='lat' dir='ltr'><strong>suas</strong></span> <span class='ocrx_word' id='word_1_725' title='bbox 701 5379 929 5450; x_wconf 83' lang='lat' dir='ltr'><strong>insanguiaepcc-</strong></span> 
     </span>
     <span class='ocr_line' id='line_1_61' title="bbox 142 5466 929 5557; baseline -0.034 -7"><span class='ocrx_word' id='word_1_726' title='bbox 142 5494 259 5557; x_wconf 74' lang='lat' dir='ltr'><strong>,catoris</strong></span> <span class='ocrx_word' id='word_1_727' title='bbox 277 5487 381 5542; x_wconf 91' lang='lat' dir='ltr'><strong>Dicitur</strong></span> <span class='ocrx_word' id='word_1_728' title='bbox 400 5497 479 5553; x_wconf 83' lang='lat' dir='ltr'><strong>poerra</strong></span> <span class='ocrx_word' id='word_1_729' title='bbox 495 5481 594 5537; x_wconf 82' lang='lat' dir='ltr'><strong>inflicta</strong></span> <span class='ocrx_word' id='word_1_730' title='bbox 609 5495 658 5551; x_wconf 92' lang='lat' dir='ltr'><strong>pro</strong></span> <span class='ocrx_word' id='word_1_731' title='bbox 673 5474 804 5534; x_wconf 78' lang='lat' dir='ltr'><strong>effusione</strong></span> <span class='ocrx_word' id='word_1_732' title='bbox 818 5466 929 5539; x_wconf 88' lang='lat' dir='ltr'><strong>sangui·</strong></span> 
     </span>
     <span class='ocr_line' id='line_1_62' title="bbox 151 5563 931 5650; baseline -0.032 -8"><span class='ocrx_word' id='word_1_733' title='bbox 151 5586 205 5650; x_wconf 91' lang='lat' dir='ltr'><strong>nis,</strong></span> <span class='ocrx_word' id='word_1_734' title='bbox 222 5582 292 5639; x_wconf 88' lang='lat' dir='ltr'><strong>unde</strong></span> <span class='ocrx_word' id='word_1_735' title='bbox 305 5599 311 5635; x_wconf 94' lang='lat'>:</span> <span class='ocrx_word' id='word_1_736' title='bbox 327 5577 441 5648; x_wconf 78' lang='lat' dir='ltr'><strong>Sanguis</strong></span> <span class='ocrx_word' id='word_1_737' title='bbox 454 5574 511 5645; x_wconf 81' lang='lat' dir='ltr'><strong>ejus</strong></span> <span class='ocrx_word' id='word_1_738' title='bbox 522 5589 600 5642; x_wconf 84' lang='lat' dir='ltr'><strong>super</strong></span> <span class='ocrx_word' id='word_1_739' title='bbox 614 5589 660 5628; x_wconf 90' lang='lat' dir='ltr'><strong>nos</strong></span> <span class='ocrx_word' id='word_1_740' title='bbox 673 5580 698 5626; x_wconf 86' lang='grc' dir='ltr'><strong>ει</strong></span> <span class='ocrx_word' id='word_1_741' title='bbox 709 5584 788 5639; x_wconf 84' lang='lat' dir='ltr'><strong>super</strong></span> <span class='ocrx_word' id='word_1_742' title='bbox 800 5563 869 5636; x_wconf 73' lang='lat' dir='ltr'><strong>tilios</strong></span> <span class='ocrx_word' id='word_1_743' title='bbox 883 5578 931 5617; x_wconf 88' lang='lat' dir='ltr'><strong>ao·</strong></span> 
     </span>
     <span class='ocr_line' id='line_1_63' title="bbox 143 5652 930 5746; baseline -0.029 -17"><span class='ocrx_word' id='word_1_744' title='bbox 143 5689 231 5744; x_wconf 85' lang='lat' dir='ltr'><strong>¹stras,</strong></span> <span class='ocrx_word' id='word_1_745' title='bbox 244 5675 270 5731; x_wconf 86' lang='lat' dir='ltr'><strong>id</strong></span> <span class='ocrx_word' id='word_1_746' title='bbox 285 5683 328 5731; x_wconf 87' lang='lat' dir='ltr'><strong>est</strong></span> <span class='ocrx_word' id='word_1_747' title='bbox 344 5684 424 5742; x_wconf 79' lang='lat' dir='ltr'><strong>puna</strong></span> <span class='ocrx_word' id='word_1_748' title='bbox 444 5664 587 5738; x_wconf 81' lang='lat' dir='ltr'><strong>inligentia</strong></span> <span class='ocrx_word' id='word_1_749' title='bbox 603 5679 654 5735; x_wconf 91' lang='lat' dir='ltr'><strong>pro</strong></span> <span class='ocrx_word' id='word_1_750' title='bbox 671 5662 803 5746; x_wconf 77' lang='lat' dir='ltr'><strong>effusione</strong></span> <span class='ocrx_word' id='word_1_751' title='bbox 820 5652 930 5729; x_wconf 89' lang='lat' dir='ltr'><strong>saugui-</strong></span> 
     </span>
    </p>
   </div>
   <div class='ocr_carea' id='block_1_12' title="bbox 972 4449 1756 4889">
    <p class='ocr_par' dir='ltr' id='par_1_13' title="bbox 972 4449 1756 4889">
     <span class='ocr_line' id='line_1_64' title="bbox 973 4449 1756 4531; baseline -0.019 -14"><span class='ocrx_word' id='word_1_752' title='bbox 973 4458 1149 4531; x_wconf 84' lang='lat' dir='ltr'><strong>restringitur</strong></span> <span class='ocrx_word' id='word_1_753' title='bbox 1160 4457 1233 4514; x_wconf 87' lang='lat' dir='ltr'><strong>circa</strong></span> <span class='ocrx_word' id='word_1_754' title='bbox 1243 4454 1386 4513; x_wconf 82' lang='lat' dir='ltr'><strong>scientiam</strong></span> <span class='ocrx_word' id='word_1_755' title='bbox 1401 4451 1632 4525; x_wconf 65' lang='lat' dir='ltr'><strong>quadraminum</strong></span> <span class='ocrx_word' id='word_1_756' title='bbox 1649 4449 1756 4505; x_wconf 87' lang='lat' dir='ltr'><strong>matire-</strong></span> 
     </span>
     <span class='ocr_line' id='line_1_65' title="bbox 972 4538 1754 4619; baseline -0.018 -9"><span class='ocrx_word' id='word_1_757' title='bbox 972 4552 1074 4610; x_wconf 87' lang='lat' dir='ltr'><strong>matica</strong></span> <span class='ocrx_word' id='word_1_758' title='bbox 1097 4550 1141 4606; x_wconf 84' lang='lat' dir='ltr'><strong>rel</strong></span> <span class='ocrx_word' id='word_1_759' title='bbox 1163 4547 1339 4619; x_wconf 88' lang='lat' dir='ltr'><strong>disciplinalis</strong></span> <span class='ocrx_word' id='word_1_760' title='bbox 1364 4545 1483 4611; x_wconf 83' lang='lat' dir='ltr'><strong>dicitur,</strong></span> <span class='ocrx_word' id='word_1_761' title='bbox 1504 4542 1577 4599; x_wconf 86' lang='lat' dir='ltr'><strong>uude</strong></span> <span class='ocrx_word' id='word_1_762' title='bbox 1596 4538 1711 4598; x_wconf 66' lang='lat' dir='ltr'><strong>uacuus,</strong></span> <span class='ocrx_word' id='word_1_763' title='bbox 1726 4540 1754 4596; x_wconf 90' lang='lat' dir='ltr'><strong>iu</strong></span> 
     </span>
     <span class='ocr_line' id='line_1_66' title="bbox 973 4630 1755 4715; baseline -0.026 -12"><span class='ocrx_word' id='word_1_764' title='bbox 973 4660 1025 4703; x_wconf 93' lang='lat' dir='ltr'><strong>suo</strong></span> <span class='ocrx_word' id='word_1_765' title='bbox 1035 4642 1147 4715; x_wconf 87' lang='lat' dir='ltr'><strong>prologo</strong></span> <span class='ocrx_word' id='word_1_766' title='bbox 1162 4654 1244 4711; x_wconf 90' lang='lat' dir='ltr'><strong>super</strong></span> <span class='ocrx_word' id='word_1_767' title='bbox 1264 4636 1464 4694; x_wconf 88' lang='lat' dir='ltr'><strong>arithmeticam</strong></span> <span class='ocrx_word' id='word_1_768' title='bbox 1484 4632 1541 4689; x_wconf 89' lang='lat' dir='ltr'><strong>ait:</strong></span> <span class='ocrx_word' id='word_1_769' title='bbox 1557 4630 1696 4702; x_wconf 86' lang='lat' dir='ltr'><strong>Sapientia</strong></span> <span class='ocrx_word' id='word_1_770' title='bbox 1715 4637 1755 4684; x_wconf 79' lang='lat' dir='ltr'><strong>est</strong></span> 
     </span>
     <span class='ocr_line' id='line_1_67' title="bbox 973 4719 1756 4807; baseline -0.027 -15"><span class='ocrx_word' id='word_1_771' title='bbox 973 4733 1119 4807; x_wconf 80' lang='lat' dir='ltr'><strong>speculatio</strong></span> <span class='ocrx_word' id='word_1_772' title='bbox 1133 4745 1224 4787; x_wconf 86' lang='lat' dir='ltr'><strong>earum</strong></span> <span class='ocrx_word' id='word_1_773' title='bbox 1237 4743 1325 4783; x_wconf 86' lang='lat' dir='ltr'><strong>reram</strong></span> <span class='ocrx_word' id='word_1_774' title='bbox 1338 4742 1396 4797; x_wconf 82' lang='lat' dir='ltr'><strong>qam</strong></span> <span class='ocrx_word' id='word_1_775' title='bbox 1406 4723 1457 4796; x_wconf 58' lang='lat' dir='ltr'><strong>⁸sai</strong></span> <span class='ocrx_word' id='word_1_776' title='bbox 1472 4720 1626 4781; x_wconf 77' lang='lat' dir='ltr'><strong>mutabilem</strong></span> <span class='ocrx_word' id='word_1_777' title='bbox 1639 4719 1756 4774; x_wconf 83' lang='lat' dir='ltr'><strong>sortiun-</strong></span> 
     </span>
     <span class='ocr_line' id='line_1_68' title="bbox 972 4812 1756 4889; baseline -0.026 -7"><span class='ocrx_word' id='word_1_778' title='bbox 972 4836 1019 4881; x_wconf 82' lang='lat' dir='ltr'><strong>tur</strong></span> <span class='ocrx_word' id='word_1_779' title='bbox 1032 4824 1220 4881; x_wconf 75' lang='lat' dir='ltr'><strong>suostantiam.</strong></span> <span class='ocrx_word' id='word_1_780' title='bbox 1235 4817 1391 4889; x_wconf 86' lang='lat' dir='ltr'><strong>Aliquando</strong></span> <span class='ocrx_word' id='word_1_781' title='bbox 1402 4813 1535 4887; x_wconf 85' lang='lat' dir='ltr'><strong>sapientia</strong></span> <span class='ocrx_word' id='word_1_782' title='bbox 1549 4812 1649 4870; x_wconf 87' lang='lat' dir='ltr'><strong>dicitur</strong></span> <span class='ocrx_word' id='word_1_783' title='bbox 1662 4823 1756 4864; x_wconf 86' lang='lat' dir='ltr'><strong>versu-</strong></span> 
     </span>
    </p>
   </div>
   <div class='ocr_carea' id='block_1_13' title="bbox 969 4904 1754 4981">
    <p class='ocr_par' dir='ltr' id='par_1_14' title="bbox 969 4904 1754 4981">
     <span class='ocr_line' id='line_1_69' title="bbox 969 4904 1754 4981; baseline -0.029 -6"><span class='ocrx_word' id='word_1_784' title='bbox 969 4918 1014 4974; x_wconf 84' lang='lat' dir='ltr'><strong>tia</strong></span> <span class='ocrx_word' id='word_1_785' title='bbox 1037 4915 1082 4971; x_wconf 84' lang='lat' dir='ltr'><strong>rel</strong></span> <span class='ocrx_word' id='word_1_786' title='bbox 1100 4912 1235 4970; x_wconf 78' lang='lat' dir='ltr'><strong>calliditas</strong></span> <span class='ocrx_word' id='word_1_787' title='bbox 1256 4924 1340 4981; x_wconf 86' lang='lat' dir='ltr'><strong>quam</strong></span> <span class='ocrx_word' id='word_1_788' title='bbox 1359 4906 1441 4964; x_wconf 86' lang='lat' dir='ltr'><strong>habet</strong></span> <span class='ocrx_word' id='word_1_789' title='bbox 1461 4905 1523 4976; x_wconf 88' lang='lat' dir='ltr'><strong>quis</strong></span> <span class='ocrx_word' id='word_1_790' title='bbox 1540 4904 1613 4959; x_wconf 85' lang='lat' dir='ltr'><strong>circa</strong></span> <span class='ocrx_word' id='word_1_791' title='bbox 1626 4907 1754 4963; x_wconf 88' lang='lat' dir='ltr'><strong>terrena,</strong></span> 
     </span>
    </p>
   </div>
   <div class='ocr_carea' id='block_1_14' title="bbox 972 4986 1802 5720">
    <p class='ocr_par' dir='ltr' id='par_1_15' title="bbox 972 4986 1802 5720">
     <span class='ocr_line' id='line_1_70' title="bbox 976 4986 1755 5075; baseline -0.024 -13"><span class='ocrx_word' id='word_1_792' title='bbox 976 5007 1049 5063; x_wconf 86' lang='lat' dir='ltr'><strong>unde</strong></span> <span class='ocrx_word' id='word_1_793' title='bbox 1062 5002 1210 5075; x_wconf 88' lang='lat' dir='ltr'><strong>Apostolus</strong></span> <span class='ocrx_word' id='word_1_794' title='bbox 1222 5016 1229 5052; x_wconf 75' lang='grc' dir='ltr'><strong>ε</strong></span> <span class='ocrx_word' id='word_1_795' title='bbox 1245 4997 1382 5070; x_wconf 83' lang='lat' dir='ltr'><strong>Sapientia</strong></span> <span class='ocrx_word' id='word_1_796' title='bbox 1392 4995 1471 5066; x_wconf 80' lang='lat' dir='ltr'><strong>lajas</strong></span> <span class='ocrx_word' id='word_1_797' title='bbox 1483 4992 1576 5049; x_wconf 77' lang='lat' dir='ltr'><strong>muntii</strong></span> <span class='ocrx_word' id='word_1_798' title='bbox 1588 4986 1705 5043; x_wconf 86' lang='lat' dir='ltr'><strong>stultitia</strong></span> <span class='ocrx_word' id='word_1_799' title='bbox 1715 4995 1755 5043; x_wconf 84' lang='grc' dir='ltr'><strong>εει</strong></span> 
     </span>
     <span class='ocr_line' id='line_1_71' title="bbox 972 5079 1756 5169; baseline -0.024 -17"><span class='ocrx_word' id='word_1_800' title='bbox 972 5097 1048 5169; x_wconf 79' lang='lat' dir='ltr'><strong>apua</strong></span> <span class='ocrx_word' id='word_1_801' title='bbox 1074 5094 1170 5149; x_wconf 88' lang='lat' dir='ltr'><strong>Deum.</strong></span> <span class='ocrx_word' id='word_1_802' title='bbox 1194 5090 1276 5148; x_wconf 88' lang='lat' dir='ltr'><strong>Notat</strong></span> <span class='ocrx_word' id='word_1_803' title='bbox 1302 5089 1445 5147; x_wconf 89' lang='lat' dir='ltr'><strong>scientiam</strong></span> <span class='ocrx_word' id='word_1_804' title='bbox 1476 5085 1510 5142; x_wconf 84' lang='lat' dir='ltr'><strong>de</strong></span> <span class='ocrx_word' id='word_1_805' title='bbox 1537 5080 1657 5149; x_wconf 82' lang='lat' dir='ltr'><strong>diuinis,</strong></span> <span class='ocrx_word' id='word_1_806' title='bbox 1683 5079 1756 5135; x_wconf 83' lang='lat' dir='ltr'><strong>unda</strong></span> 
     </span>
     <span class='ocr_line' id='line_1_72' title="bbox 979 5155 1802 5256; baseline -0.026 -13"><span class='ocrx_word' id='word_1_807' title='bbox 979 5188 1080 5244; x_wconf 81' lang='lat' dir='ltr'><strong>Paulus</strong></span> <span class='ocrx_word' id='word_1_808' title='bbox 1092 5204 1100 5241; x_wconf 93' lang='lat'>:</span> <span class='ocrx_word' id='word_1_809' title='bbox 1114 5184 1277 5256; x_wconf 71' lang='lat' dir='ltr'><strong>Sapientiam</strong></span> <span class='ocrx_word' id='word_1_810' title='bbox 1292 5180 1426 5252; x_wconf 83' lang='lat' dir='ltr'><strong>loquimur</strong></span> <span class='ocrx_word' id='word_1_811' title='bbox 1443 5176 1512 5231; x_wconf 87' lang='lat' dir='ltr'><strong>inter</strong></span> <span class='ocrx_word' id='word_1_812' title='bbox 1524 5172 1661 5244; x_wconf 72' lang='lat' dir='ltr'><strong>perfectos.</strong></span> <span class='ocrx_word' id='word_1_813' title='bbox 1675 5168 1757 5227; x_wconf 82' lang='lat' dir='ltr'><strong>Notat</strong></span> <span class='ocrx_word' id='word_1_814' title='bbox 1798 5155 1802 5181; x_wconf 83' lang='lat'><strong>¹</strong></span> 
     </span>
     <span class='ocr_line' id='line_1_73' title="bbox 978 5260 1757 5347; baseline -0.033 -9"><span class='ocrx_word' id='word_1_815' title='bbox 978 5281 1098 5338; x_wconf 86' lang='lat' dir='ltr'><strong>diuinum</strong></span> <span class='ocrx_word' id='word_1_816' title='bbox 1113 5284 1251 5347; x_wconf 83' lang='lat' dir='ltr'><strong>naturam,</strong></span> <span class='ocrx_word' id='word_1_817' title='bbox 1265 5272 1337 5331; x_wconf 89' lang='lat' dir='ltr'><strong>unde</strong></span> <span class='ocrx_word' id='word_1_818' title='bbox 1348 5268 1469 5325; x_wconf 88' lang='lat' dir='ltr'><strong>Paulus:</strong></span> <span class='ocrx_word' id='word_1_819' title='bbox 1488 5263 1510 5321; x_wconf 88' lang='grc'>0</span> <span class='ocrx_word' id='word_1_820' title='bbox 1523 5261 1637 5318; x_wconf 76' lang='lat' dir='ltr'><strong>altitudo</strong></span> <span class='ocrx_word' id='word_1_821' title='bbox 1649 5260 1757 5316; x_wconf 79' lang='lat' dir='ltr'><strong>dinitia-</strong></span> 
     </span>
     <span class='ocr_line' id='line_1_74' title="bbox 979 5350 1759 5440; baseline -0.028 -14"><span class='ocrx_word' id='word_1_822' title='bbox 979 5387 1038 5426; x_wconf 87' lang='lat' dir='ltr'><strong>rum</strong></span> <span class='ocrx_word' id='word_1_823' title='bbox 1049 5366 1201 5440; x_wconf 82' lang='lat' dir='ltr'><strong>sapicntim!</strong></span> <span class='ocrx_word' id='word_1_824' title='bbox 1217 5366 1322 5422; x_wconf 87' lang='lat' dir='ltr'><strong>Dicitur</strong></span> <span class='ocrx_word' id='word_1_825' title='bbox 1333 5361 1414 5417; x_wconf 86' lang='lat' dir='ltr'><strong>etiam</strong></span> <span class='ocrx_word' id='word_1_826' title='bbox 1426 5357 1511 5413; x_wconf 87' lang='lat' dir='ltr'><strong>l&#39;llius</strong></span> <span class='ocrx_word' id='word_1_827' title='bbox 1524 5354 1583 5423; x_wconf 88' lang='lat' dir='ltr'><strong>Dei,</strong></span> <span class='ocrx_word' id='word_1_828' title='bbox 1593 5353 1666 5409; x_wconf 88' lang='lat' dir='ltr'><strong>uude</strong></span> <span class='ocrx_word' id='word_1_829' title='bbox 1679 5350 1759 5425; x_wconf 80' lang='lat' dir='ltr'><strong>Salo-</strong></span> 
     </span>
     <span class='ocr_line' id='line_1_75' title="bbox 978 5444 1756 5532; baseline -0.028 -12"><span class='ocrx_word' id='word_1_830' title='bbox 978 5480 1043 5520; x_wconf 90' lang='lat' dir='ltr'><strong>mon</strong></span> <span class='ocrx_word' id='word_1_831' title='bbox 1058 5460 1214 5532; x_wconf 83' lang='lat' dir='ltr'><strong>:Sapientia</strong></span> <span class='ocrx_word' id='word_1_832' title='bbox 1226 5455 1367 5529; x_wconf 67' lang='lat' dir='ltr'><strong>melificavit</strong></span> <span class='ocrx_word' id='word_1_833' title='bbox 1379 5453 1430 5510; x_wconf 83' lang='lat' dir='ltr'><strong>sili</strong></span> <span class='ocrx_word' id='word_1_834' title='bbox 1446 5450 1562 5505; x_wconf 79' lang='lat' dir='ltr'><strong>domum.</strong></span> <span class='ocrx_word' id='word_1_835' title='bbox 1583 5447 1684 5503; x_wconf 89' lang='lat' dir='ltr'><strong>Dicitur</strong></span> <span class='ocrx_word' id='word_1_836' title='bbox 1705 5444 1756 5499; x_wconf 83' lang='lat' dir='ltr'><strong>do-</strong></span> 
     </span>
     <span class='ocr_line' id='line_1_76' title="bbox 980 5538 1758 5626; baseline -0.031 -13"><span class='ocrx_word' id='word_1_837' title='bbox 980 5546 1046 5613; x_wconf 79' lang='lat' dir='ltr'><strong>nuu‘r</strong></span> <span class='ocrx_word' id='word_1_838' title='bbox 1062 5554 1179 5626; x_wconf 89' lang='lat' dir='ltr'><strong>Spiritus</strong></span> <span class='ocrx_word' id='word_1_839' title='bbox 1192 5550 1292 5617; x_wconf 88' lang='lat' dir='ltr'><strong>sancti,</strong></span> <span class='ocrx_word' id='word_1_840' title='bbox 1304 5547 1376 5604; x_wconf 76' lang='lat' dir='ltr'><strong>uncle</strong></span> <span class='ocrx_word' id='word_1_841' title='bbox 1386 5543 1472 5601; x_wconf 86' lang='lat' dir='ltr'><strong>lsaias</strong></span> <span class='ocrx_word' id='word_1_842' title='bbox 1483 5560 1492 5597; x_wconf 76' lang='lat' dir='ltr'><strong>a</strong></span> <span class='ocrx_word' id='word_1_843' title='bbox 1504 5538 1538 5595; x_wconf 85' lang='lat' dir='ltr'><strong>Et</strong></span> <span class='ocrx_word' id='word_1_844' title='bbox 1559 5540 1698 5611; x_wconf 78' lang='lat' dir='ltr'><strong>requiescet</strong></span> <span class='ocrx_word' id='word_1_845' title='bbox 1712 5548 1758 5591; x_wconf 85' lang='lat' dir='ltr'><strong>stt·</strong></span> 
     </span>
     <span class='ocr_line' id='line_1_77' title="bbox 980 5622 1757 5720; baseline -0.031 -16"><span class='ocrx_word' id='word_1_846' title='bbox 980 5663 1026 5720; x_wconf 88' lang='lat' dir='ltr'><strong>per</strong></span> <span class='ocrx_word' id='word_1_847' title='bbox 1041 5661 1100 5702; x_wconf 88' lang='lat' dir='ltr'><strong>eum</strong></span> <span class='ocrx_word' id='word_1_848' title='bbox 1120 5643 1237 5717; x_wconf 89' lang='lat' dir='ltr'><strong>Spiritus</strong></span> <span class='ocrx_word' id='word_1_849' title='bbox 1248 5639 1396 5711; x_wconf 83' lang='lat' dir='ltr'><strong>sapientia,</strong></span> <span class='ocrx_word' id='word_1_850' title='bbox 1409 5634 1436 5692; x_wconf 90' lang='lat' dir='ltr'><strong>id</strong></span> <span class='ocrx_word' id='word_1_851' title='bbox 1448 5640 1489 5690; x_wconf 88' lang='grc' dir='ltr'><strong>εει</strong></span> <span class='ocrx_word' id='word_1_852' title='bbox 1504 5630 1607 5687; x_wconf 77' lang='lat' dir='ltr'><strong>uanum</strong></span> <span class='ocrx_word' id='word_1_853' title='bbox 1619 5622 1757 5703; x_wconf 74' lang='lat' dir='ltr'><strong>aspisatim</strong></span> 
     </span>
    </p>
   </div>
   <div class='ocr_carea' id='block_1_15' title="bbox 0 0 2008 6036">
    <p class='ocr_par' dir='ltr' id='par_1_16' title="bbox 0 0 2008 6036">
     <span class='ocr_line' id='line_1_78' title="bbox 0 0 2008 6036; baseline 0 0"><span class='ocrx_word' id='word_1_854' title='bbox 0 0 2008 6036; x_wconf 95' lang='lat' dir='ltr'><strong> </strong></span> 
     </span>
    </p>
   </div>
  </div>
 </body>
</html>
