<?xml version="1.0" encoding="UTF-8"?>
<!DOCTYPE html PUBLIC "-//W3C//DTD XHTML 1.0 Transitional//EN"
    "http://www.w3.org/TR/xhtml1/DTD/xhtml1-transitional.dtd">
<html xmlns="http://www.w3.org/1999/xhtml" xml:lang="en" lang="en">
 <head>
  <title>
</title>
<meta http-equiv="Content-Type" content="text/html;charset=utf-8" />
  <meta name='ocr-system' content='tesseract 3.04.00' />
  <meta name='ocr-capabilities' content='ocr_page ocr_carea ocr_par ocr_line ocrx_word'/>
</head>
<body>
  <div class='ocr_page' id='page_1' title='image "./patrologiaecurs127migngoog/patrologiaecurs127migngoog_0201.png"; bbox 0 0 3992 6042; ppageno 0'>
   <div class='ocr_carea' id='block_1_1' title="bbox 140 191 1771 265">
    <p class='ocr_par' dir='ltr' id='par_1_1' title="bbox 140 191 1771 265">
     <span class='ocr_line' id='line_1_1' title="bbox 140 191 1771 265; baseline -0.002 -10"><span class='ocrx_word' id='word_1_1' title='bbox 140 196 198 255; x_wconf 70' lang='grc'>377</span> <span class='ocrx_word' id='word_1_2' title='bbox 516 193 657 252; x_wconf 78' lang='lat' dir='ltr'><strong>CONTRA</strong></span> <span class='ocrx_word' id='word_1_3' title='bbox 675 192 885 252; x_wconf 75' lang='lat' dir='ltr'>ttAEnEttcos</span> <span class='ocrx_word' id='word_1_4' title='bbox 903 196 995 253; x_wconf 80' lang='lat' dir='ltr'>tttitu</span> <span class='ocrx_word' id='word_1_5' title='bbox 1015 195 1195 265; x_wconf 81' lang='lat' dir='ltr'>QUATUOR.</span> <span class='ocrx_word' id='word_1_6' title='bbox 1216 222 1251 236; x_wconf 85' lang='lat'><em>-</em></span> <span class='ocrx_word' id='word_1_7' title='bbox 1270 194 1336 250; x_wconf 84' lang='lat' dir='ltr'>Llll.</span> <span class='ocrx_word' id='word_1_8' title='bbox 1357 191 1390 249; x_wconf 83' lang='lat' dir='ltr'>tl.</span> <span class='ocrx_word' id='word_1_9' title='bbox 1718 197 1771 252; x_wconf 78' lang='lat' dir='ltr'>stt</span> 
     </span>
    </p>
   </div>
   <div class='ocr_carea' id='block_1_2' title="bbox 137 391 1771 1471">
    <p class='ocr_par' dir='ltr' id='par_1_2' title="bbox 137 391 1771 1377">
     <span class='ocr_line' id='line_1_2' title="bbox 141 391 1769 470; baseline 0.001 -16"><span class='ocrx_word' id='word_1_10' title='bbox 141 399 191 455; x_wconf 72' lang='lat' dir='ltr'>tle</span> <span class='ocrx_word' id='word_1_11' title='bbox 214 402 345 467; x_wconf 73' lang='lat' dir='ltr'>prestent</span> <span class='ocrx_word' id='word_1_12' title='bbox 369 391 500 460; x_wconf 77' lang='lat' dir='ltr'>tomenta,</span> <span class='ocrx_word' id='word_1_13' title='bbox 518 409 574 450; x_wconf 90' lang='lat' dir='ltr'>non</span> <span class='ocrx_word' id='word_1_14' title='bbox 599 402 690 450; x_wconf 80' lang='lat' dir='ltr'>tamen</span> <span class='ocrx_word' id='word_1_15' title='bbox 718 404 761 451; x_wconf 86' lang='lat' dir='ltr'>est</span> <span class='ocrx_word' id='word_1_16' title='bbox 785 406 929 466; x_wconf 76' lang='lat' dir='ltr'>peceatum</span> <span class='ocrx_word' id='word_1_17' title='bbox 982 407 1099 458; x_wconf 87' lang='lat' dir='ltr'>utuntur</span> <span class='ocrx_word' id='word_1_18' title='bbox 1111 396 1307 465; x_wconf 78' lang='lat' dir='ltr'>leguminibus,</span> <span class='ocrx_word' id='word_1_19' title='bbox 1322 403 1352 450; x_wconf 90' lang='lat' dir='ltr'>ut</span> <span class='ocrx_word' id='word_1_20' title='bbox 1367 394 1449 462; x_wconf 83' lang='lat' dir='ltr'>iubis,</span> <span class='ocrx_word' id='word_1_21' title='bbox 1467 404 1495 450; x_wconf 87' lang='lat' dir='ltr'>et</span> <span class='ocrx_word' id='word_1_22' title='bbox 1513 396 1593 465; x_wconf 88' lang='lat' dir='ltr'>pisis,</span> <span class='ocrx_word' id='word_1_23' title='bbox 1605 411 1666 466; x_wconf 77' lang='lat' dir='ltr'>quse</span> <span class='ocrx_word' id='word_1_24' title='bbox 1680 398 1769 470; x_wconf 78' lang='lat' dir='ltr'>rnugis</span> 
     </span>
     <span class='ocr_line' id='line_1_3' title="bbox 140 482 1771 554; baseline -0.001 -11"><span class='ocrx_word' id='word_1_25' title='bbox 140 489 235 543; x_wconf 88' lang='lat' dir='ltr'>edere.</span> <span class='ocrx_word' id='word_1_26' title='bbox 252 484 323 551; x_wconf 79' lang='lat' dir='ltr'>Quin</span> <span class='ocrx_word' id='word_1_27' title='bbox 349 494 380 539; x_wconf 89' lang='lat' dir='ltr'>ut</span> <span class='ocrx_word' id='word_1_28' title='bbox 401 485 440 540; x_wconf 86' lang='lat' dir='ltr'>uit</span> <span class='ocrx_word' id='word_1_29' title='bbox 453 485 602 554; x_wconf 75' lang='lat' dir='ltr'><strong>Apostolus</strong></span> <span class='ocrx_word' id='word_1_30' title='bbox 616 502 623 540; x_wconf 79' lang='grc' dir='ltr'>ι</span> <span class='ocrx_word' id='word_1_31' title='bbox 638 482 735 540; x_wconf 84' lang='lat' dir='ltr'>Omnia</span> <span class='ocrx_word' id='word_1_32' title='bbox 757 484 822 539; x_wconf 85' lang='lat' dir='ltr'>milri</span> <span class='ocrx_word' id='word_1_33' title='bbox 841 484 930 552; x_wconf 88' lang='lat' dir='ltr'>licent,</span> <span class='ocrx_word' id='word_1_34' title='bbox 981 489 1174 544; x_wconf 71' lang='lat' dir='ltr'>ventositatem</span> <span class='ocrx_word' id='word_1_35' title='bbox 1191 485 1297 542; x_wconf 83' lang='lat' dir='ltr'>fuciunt</span> <span class='ocrx_word' id='word_1_36' title='bbox 1308 493 1336 539; x_wconf 92' lang='lat' dir='ltr'>et</span> <span class='ocrx_word' id='word_1_37' title='bbox 1351 486 1492 541; x_wconf 80' lang='lat' dir='ltr'>libidinem</span> <span class='ocrx_word' id='word_1_38' title='bbox 1508 486 1703 542; x_wconf 84' lang='lat' dir='ltr'>succendunt?</span> <span class='ocrx_word' id='word_1_39' title='bbox 1719 486 1771 543; x_wconf 88' lang='lat' dir='ltr'>Le-</span> 
     </span>
     <span class='ocr_line' id='line_1_4' title="bbox 139 575 1771 650; baseline 0.001 -17"><span class='ocrx_word' id='word_1_40' title='bbox 139 576 188 634; x_wconf 72' lang='lat' dir='ltr'>ut</span> <span class='ocrx_word' id='word_1_41' title='bbox 198 593 250 632; x_wconf 82' lang='lat' dir='ltr'>nott</span> <span class='ocrx_word' id='word_1_42' title='bbox 267 578 356 632; x_wconf 86' lang='lat' dir='ltr'>omnio</span> <span class='ocrx_word' id='word_1_43' title='bbox 368 576 509 646; x_wconf 74' lang='lat' dir='ltr'>expediunt</span> <span class='ocrx_word' id='word_1_44' title='bbox 526 575 554 649; x_wconf 87' lang='lat'>(1</span> <span class='ocrx_word' id='word_1_45' title='bbox 569 576 632 632; x_wconf 85' lang='lat' dir='ltr'>Gor.</span> <span class='ocrx_word' id='word_1_46' title='bbox 652 576 708 647; x_wconf 87' lang='lat' dir='ltr'>vr);</span> <span class='ocrx_word' id='word_1_47' title='bbox 732 576 806 648; x_wconf 81' lang='lat' dir='ltr'>quod</span> <span class='ocrx_word' id='word_1_48' title='bbox 831 577 932 633; x_wconf 90' lang='lat' dir='ltr'>intelli·</span> <span class='ocrx_word' id='word_1_49' title='bbox 982 578 1055 650; x_wconf 78' lang='lat' dir='ltr'>gitur</span> <span class='ocrx_word' id='word_1_50' title='bbox 1070 594 1180 650; x_wconf 78' lang='lat' dir='ltr'>qumque</span> <span class='ocrx_word' id='word_1_51' title='bbox 1201 577 1229 632; x_wconf 89' lang='lat' dir='ltr'>ln</span> <span class='ocrx_word' id='word_1_52' title='bbox 1243 576 1358 633; x_wconf 86' lang='lat' dir='ltr'>Actibus</span> <span class='ocrx_word' id='word_1_53' title='bbox 1378 578 1565 646; x_wconf 79' lang='lat' dir='ltr'>apostolorum</span> <span class='ocrx_word' id='word_1_54' title='bbox 1589 578 1693 633; x_wconf 86' lang='lat' dir='ltr'>dictum</span> <span class='ocrx_word' id='word_1_55' title='bbox 1709 594 1771 635; x_wconf 87' lang='lat' dir='ltr'>esso</span> 
     </span>
     <span class='ocr_line' id='line_1_5' title="bbox 139 666 1770 740; baseline 0.002 -17"><span class='ocrx_word' id='word_1_56' title='bbox 139 668 217 740; x_wconf 76' lang='lat' dir='ltr'>gitur</span> <span class='ocrx_word' id='word_1_57' title='bbox 229 668 264 722; x_wconf 93' lang='lat' dir='ltr'>de</span> <span class='ocrx_word' id='word_1_58' title='bbox 279 682 328 723; x_wconf 89' lang='lat' dir='ltr'>esu</span> <span class='ocrx_word' id='word_1_59' title='bbox 342 667 479 722; x_wconf 85' lang='lat' dir='ltr'>carnium.</span> <span class='ocrx_word' id='word_1_60' title='bbox 497 666 574 734; x_wconf 83' lang='lat' dir='ltr'>item,</span> <span class='ocrx_word' id='word_1_61' title='bbox 586 667 712 737; x_wconf 81' lang='lat' dir='ltr'>quumvis</span> <span class='ocrx_word' id='word_1_62' title='bbox 722 683 777 723; x_wconf 95' lang='lat' dir='ltr'>non</span> <span class='ocrx_word' id='word_1_63' title='bbox 794 666 932 738; x_wconf 78' lang='lat' dir='ltr'>legeretur</span> <span class='ocrx_word' id='word_1_64' title='bbox 981 668 1083 725; x_wconf 87' lang='lat' dir='ltr'>Petro:</span> <span class='ocrx_word' id='word_1_65' title='bbox 1108 670 1186 736; x_wconf 83' lang='lat' dir='ltr'>Quod</span> <span class='ocrx_word' id='word_1_66' title='bbox 1211 668 1282 725; x_wconf 79' lang='lat' dir='ltr'>licus</span> <span class='ocrx_word' id='word_1_67' title='bbox 1306 671 1416 736; x_wconf 84' lang='lat' dir='ltr'>creauit,</span> <span class='ocrx_word' id='word_1_68' title='bbox 1429 671 1595 724; x_wconf 85' lang='lat' dir='ltr'>immundum</span> <span class='ocrx_word' id='word_1_69' title='bbox 1616 687 1649 724; x_wconf 86' lang='lat' dir='ltr'>ne</span> <span class='ocrx_word' id='word_1_70' title='bbox 1669 672 1770 727; x_wconf 79' lang='lat' dir='ltr'>diceris</span> 
     </span>
     <span class='ocr_line' id='line_1_6' title="bbox 139 757 1771 831; baseline 0.004 -19"><span class='ocrx_word' id='word_1_71' title='bbox 139 759 215 829; x_wconf 84' lang='lat' dir='ltr'>quod</span> <span class='ocrx_word' id='word_1_72' title='bbox 231 758 358 813; x_wconf 83' lang='lat' dir='ltr'>Christus</span> <span class='ocrx_word' id='word_1_73' title='bbox 372 757 523 813; x_wconf 87' lang='lat' dir='ltr'>comederit</span> <span class='ocrx_word' id='word_1_74' title='bbox 533 773 642 824; x_wconf 78' lang='lat' dir='ltr'>cereres,</span> <span class='ocrx_word' id='word_1_75' title='bbox 655 773 709 813; x_wconf 93' lang='lat' dir='ltr'>non</span> <span class='ocrx_word' id='word_1_76' title='bbox 723 767 765 813; x_wconf 88' lang='lat' dir='ltr'>est</span> <span class='ocrx_word' id='word_1_77' title='bbox 781 765 870 812; x_wconf 83' lang='lat' dir='ltr'>tumen</span> <span class='ocrx_word' id='word_1_78' title='bbox 882 772 932 813; x_wconf 85' lang='lat' dir='ltr'>re·</span> <span class='ocrx_word' id='word_1_79' title='bbox 982 761 1054 831; x_wconf 86' lang='lat' dir='ltr'>(Act.</span> <span class='ocrx_word' id='word_1_80' title='bbox 1073 762 1114 830; x_wconf 84' lang='grc' dir='ltr'>ιι).</span> <span class='ocrx_word' id='word_1_81' title='bbox 1140 759 1291 829; x_wconf 80' lang='lat' dir='ltr'>Apostolus</span> <span class='ocrx_word' id='word_1_82' title='bbox 1316 759 1399 814; x_wconf 86' lang='lat' dir='ltr'>etium</span> <span class='ocrx_word' id='word_1_83' title='bbox 1427 760 1602 828; x_wconf 78' lang='lat' dir='ltr'>reprehendit</span> <span class='ocrx_word' id='word_1_84' title='bbox 1625 760 1771 819; x_wconf 83' lang='lat' dir='ltr'>lraeectlcos</span> 
     </span>
     <span class='ocr_line' id='line_1_7' title="bbox 140 846 1771 924; baseline 0.002 -19"><span class='ocrx_word' id='word_1_85' title='bbox 140 866 204 905; x_wconf 87' lang='lat' dir='ltr'>rum</span> <span class='ocrx_word' id='word_1_86' title='bbox 234 849 307 920; x_wconf 82' lang='lat' dir='ltr'>quod</span> <span class='ocrx_word' id='word_1_87' title='bbox 322 864 377 904; x_wconf 93' lang='lat' dir='ltr'>non</span> <span class='ocrx_word' id='word_1_88' title='bbox 393 848 542 905; x_wconf 88' lang='lat' dir='ltr'>comederit</span> <span class='ocrx_word' id='word_1_89' title='bbox 558 868 565 905; x_wconf 90' lang='lat'><strong>:</strong></span> <span class='ocrx_word' id='word_1_90' title='bbox 581 849 667 904; x_wconf 80' lang='lat' dir='ltr'>multe</span> <span class='ocrx_word' id='word_1_91' title='bbox 681 848 757 905; x_wconf 87' lang='lat' dir='ltr'>enim</span> <span class='ocrx_word' id='word_1_92' title='bbox 772 847 837 904; x_wconf 86' lang='lat' dir='ltr'>lecit</span> <span class='ocrx_word' id='word_1_93' title='bbox 850 846 932 904; x_wconf 86' lang='lat' dir='ltr'>Clrri-</span> <span class='ocrx_word' id='word_1_94' title='bbox 981 853 1054 919; x_wconf 85' lang='lat' dir='ltr'>illos,</span> <span class='ocrx_word' id='word_1_95' title='bbox 1070 852 1117 922; x_wconf 84' lang='lat' dir='ltr'>qui</span> <span class='ocrx_word' id='word_1_96' title='bbox 1131 851 1278 921; x_wconf 82' lang='lat' dir='ltr'>prohibent</span> <span class='ocrx_word' id='word_1_97' title='bbox 1295 850 1391 904; x_wconf 82' lang='lat' dir='ltr'>nubere</span> <span class='ocrx_word' id='word_1_98' title='bbox 1403 860 1429 904; x_wconf 88' lang='lat' dir='ltr'>et</span> <span class='ocrx_word' id='word_1_99' title='bbox 1444 850 1576 905; x_wconf 77' lang='lat' dir='ltr'>distinere</span> <span class='ocrx_word' id='word_1_100' title='bbox 1588 869 1604 905; x_wconf 85' lang='lat' dir='ltr'>c</span> <span class='ocrx_word' id='word_1_101' title='bbox 1618 853 1684 907; x_wconf 73' lang='lat' dir='ltr'>cilis</span> <span class='ocrx_word' id='word_1_102' title='bbox 1705 868 1771 924; x_wconf 74' lang='lat' dir='ltr'>uuor</span> 
     </span>
     <span class='ocr_line' id='line_1_8' title="bbox 139 938 1770 1013; baseline 0.001 -16"><span class='ocrx_word' id='word_1_103' title='bbox 139 941 544 1011; x_wconf 79' lang='lat' dir='ltr'>stusouaescriptunonsunt.</span> <span class='ocrx_word' id='word_1_104' title='bbox 561 938 795 996; x_wconf 82' lang='lat' dir='ltr'>Christuseutem</span> <span class='ocrx_word' id='word_1_105' title='bbox 812 939 932 996; x_wconf 88' lang='lat' dir='ltr'>comedit</span> <span class='ocrx_word' id='word_1_106' title='bbox 981 942 1053 998; x_wconf 81' lang='lat' dir='ltr'>Deus</span> <span class='ocrx_word' id='word_1_107' title='bbox 1082 945 1181 998; x_wconf 81' lang='lat' dir='ltr'>crearit</span> <span class='ocrx_word' id='word_1_108' title='bbox 1205 941 1288 1013; x_wconf 61' lang='lat' dir='ltr'>(Tim.</span> <span class='ocrx_word' id='word_1_109' title='bbox 1314 943 1365 1013; x_wconf 87' lang='grc' dir='ltr'>ιι.)</span> <span class='ocrx_word' id='word_1_110' title='bbox 1393 941 1528 997; x_wconf 84' lang='lat' dir='ltr'>Dominus</span> <span class='ocrx_word' id='word_1_111' title='bbox 1548 942 1631 996; x_wconf 85' lang='lat' dir='ltr'>etiam</span> <span class='ocrx_word' id='word_1_112' title='bbox 1657 944 1770 998; x_wconf 88' lang='lat' dir='ltr'>mittens</span> 
     </span>
     <span class='ocr_line' id='line_1_9' title="bbox 139 1030 1770 1104; baseline 0 -17"><span class='ocrx_word' id='word_1_113' title='bbox 139 1048 243 1104; x_wconf 72' lang='lat' dir='ltr'>egnum</span> <span class='ocrx_word' id='word_1_114' title='bbox 259 1031 417 1104; x_wconf 80' lang='lat' dir='ltr'>paschalem</span> <span class='ocrx_word' id='word_1_115' title='bbox 431 1048 493 1088; x_wconf 90' lang='lat' dir='ltr'>cum</span> <span class='ocrx_word' id='word_1_116' title='bbox 513 1031 656 1103; x_wconf 84' lang='lat' dir='ltr'>discipulis</span> <span class='ocrx_word' id='word_1_117' title='bbox 668 1033 738 1097; x_wconf 89' lang='lat' dir='ltr'>suis,</span> <span class='ocrx_word' id='word_1_118' title='bbox 751 1033 785 1089; x_wconf 88' lang='lat' dir='ltr'>de</span> <span class='ocrx_word' id='word_1_119' title='bbox 796 1048 852 1104; x_wconf 81' lang='lat' dir='ltr'>quo</span> <span class='ocrx_word' id='word_1_120' title='bbox 875 1047 931 1088; x_wconf 93' lang='lat' dir='ltr'>non</span> <span class='ocrx_word' id='word_1_121' title='bbox 981 1034 1133 1103; x_wconf 89' lang='lat' dir='ltr'>discipulos</span> <span class='ocrx_word' id='word_1_122' title='bbox 1159 1048 1226 1089; x_wconf 86' lang='lat' dir='ltr'>suos</span> <span class='ocrx_word' id='word_1_123' title='bbox 1250 1032 1284 1088; x_wconf 86' lang='lat' dir='ltr'>ud</span> <span class='ocrx_word' id='word_1_124' title='bbox 1305 1033 1523 1102; x_wconf 77' lang='lat' dir='ltr'>predicendum,</span> <span class='ocrx_word' id='word_1_125' title='bbox 1540 1032 1579 1087; x_wconf 83' lang='lat' dir='ltr'>ait</span> <span class='ocrx_word' id='word_1_126' title='bbox 1596 1049 1603 1086; x_wconf 82' lang='grc' dir='ltr'>ι</span> <span class='ocrx_word' id='word_1_127' title='bbox 1619 1030 1653 1086; x_wconf 87' lang='lat' dir='ltr'>ln</span> <span class='ocrx_word' id='word_1_128' title='bbox 1673 1049 1770 1102; x_wconf 79' lang='lat' dir='ltr'>quom-</span> 
     </span>
     <span class='ocr_line' id='line_1_10' title="bbox 139 1120 1771 1197; baseline 0.001 -19"><span class='ocrx_word' id='word_1_129' title='bbox 139 1131 183 1178; x_wconf 86' lang='lat' dir='ltr'>cst</span> <span class='ocrx_word' id='word_1_130' title='bbox 204 1121 329 1189; x_wconf 83' lang='lat' dir='ltr'>dulium,</span> <span class='ocrx_word' id='word_1_131' title='bbox 356 1137 418 1178; x_wconf 90' lang='lat' dir='ltr'>cum</span> <span class='ocrx_word' id='word_1_132' title='bbox 447 1122 474 1177; x_wconf 92' lang='lat' dir='ltr'>in</span> <span class='ocrx_word' id='word_1_133' title='bbox 498 1120 646 1193; x_wconf 80' lang='lat' dir='ltr'>Evangelio</span> <span class='ocrx_word' id='word_1_134' title='bbox 669 1122 777 1194; x_wconf 81' lang='lat' dir='ltr'>legatur</span> <span class='ocrx_word' id='word_1_135' title='bbox 792 1140 799 1176; x_wconf 79' lang='grc' dir='ltr'>ι</span> <span class='ocrx_word' id='word_1_136' title='bbox 816 1120 867 1178; x_wconf 77' lang='lat' dir='ltr'>titt</span> <span class='ocrx_word' id='word_1_137' title='bbox 892 1122 931 1177; x_wconf 81' lang='lat' dir='ltr'>uic</span> <span class='ocrx_word' id='word_1_138' title='bbox 981 1140 1083 1197; x_wconf 80' lang='lat' dir='ltr'>eurique</span> <span class='ocrx_word' id='word_1_139' title='bbox 1107 1125 1410 1191; x_wconf 78' lang='lat' dir='ltr'>domuerintrcceritir,</span> <span class='ocrx_word' id='word_1_140' title='bbox 1428 1133 1541 1188; x_wconf 85' lang='lat' dir='ltr'>monete,</span> <span class='ocrx_word' id='word_1_141' title='bbox 1557 1124 1663 1179; x_wconf 81' lang='lat' dir='ltr'>edentes</span> <span class='ocrx_word' id='word_1_142' title='bbox 1680 1131 1705 1180; x_wconf 89' lang='lat' dir='ltr'>et</span> <span class='ocrx_word' id='word_1_143' title='bbox 1729 1125 1771 1179; x_wconf 87' lang='lat' dir='ltr'>ii·</span> 
     </span>
     <span class='ocr_line' id='line_1_11' title="bbox 137 1211 1769 1288; baseline 0.003 -21"><span class='ocrx_word' id='word_1_144' title='bbox 137 1230 263 1283; x_wconf 80' lang='lat' dir='ltr'>paremus</span> <span class='ocrx_word' id='word_1_145' title='bbox 282 1211 331 1267; x_wconf 84' lang='lat' dir='ltr'>tili</span> <span class='ocrx_word' id='word_1_146' title='bbox 345 1214 478 1268; x_wconf 83' lang='lat' dir='ltr'>comedere</span> <span class='ocrx_word' id='word_1_147' title='bbox 497 1213 629 1269; x_wconf 79' lang='lat' dir='ltr'>Pccclrot</span> <span class='ocrx_word' id='word_1_148' title='bbox 646 1214 757 1286; x_wconf 84' lang='lat' dir='ltr'>(llottie.</span> <span class='ocrx_word' id='word_1_149' title='bbox 782 1217 870 1283; x_wconf 79' lang='lat' dir='ltr'>xxvi).</span> <span class='ocrx_word' id='word_1_150' title='bbox 891 1212 931 1270; x_wconf 81' lang='lat' dir='ltr'>tui</span> <span class='ocrx_word' id='word_1_151' title='bbox 981 1217 1068 1272; x_wconf 83' lang='lat' dir='ltr'>lentes</span> <span class='ocrx_word' id='word_1_152' title='bbox 1082 1216 1223 1288; x_wconf 79' lang='lat' dir='ltr'>quaeopud</span> <span class='ocrx_word' id='word_1_153' title='bbox 1234 1215 1295 1271; x_wconf 86' lang='lat' dir='ltr'>illos</span> <span class='ocrx_word' id='word_1_154' title='bbox 1309 1225 1370 1271; x_wconf 86' lang='lat' dir='ltr'>suut</span> <span class='ocrx_word' id='word_1_155' title='bbox 1382 1214 1459 1286; x_wconf 84' lang='lat' dir='ltr'>(Luc.</span> <span class='ocrx_word' id='word_1_156' title='bbox 1477 1218 1517 1284; x_wconf 82' lang='lat'>1.)</span> <span class='ocrx_word' id='word_1_157' title='bbox 1535 1214 1608 1270; x_wconf 90' lang='lat' dir='ltr'>ldem</span> <span class='ocrx_word' id='word_1_158' title='bbox 1625 1215 1769 1285; x_wconf 85' lang='lat' dir='ltr'>Dominus,</span> 
     </span>
     <span class='ocr_line' id='line_1_12' title="bbox 137 1304 1770 1377; baseline 0.003 -21"><span class='ocrx_word' id='word_1_159' title='bbox 137 1318 189 1374; x_wconf 84' lang='lat' dir='ltr'>pcc</span> <span class='ocrx_word' id='word_1_160' title='bbox 203 1304 304 1373; x_wconf 80' lang='lat' dir='ltr'>pascha</span> <span class='ocrx_word' id='word_1_161' title='bbox 315 1318 402 1374; x_wconf 73' lang='lat' dir='ltr'>ugnus</span> <span class='ocrx_word' id='word_1_162' title='bbox 414 1304 551 1373; x_wconf 79' lang='lat' dir='ltr'>paschalis</span> <span class='ocrx_word' id='word_1_163' title='bbox 565 1304 734 1376; x_wconf 79' lang='lat' dir='ltr'>intelligitur.</span> <span class='ocrx_word' id='word_1_164' title='bbox 980 1316 1012 1362; x_wconf 94' lang='lat' dir='ltr'>ut</span> <span class='ocrx_word' id='word_1_165' title='bbox 1022 1316 1220 1377; x_wconf 74' lang='lat' dir='ltr'>praeostensum</span> <span class='ocrx_word' id='word_1_166' title='bbox 1236 1316 1288 1371; x_wconf 90' lang='lat' dir='ltr'>est,</span> <span class='ocrx_word' id='word_1_167' title='bbox 1302 1306 1422 1361; x_wconf 88' lang='lat' dir='ltr'>comedit</span> <span class='ocrx_word' id='word_1_168' title='bbox 1438 1306 1550 1375; x_wconf 82' lang='lat' dir='ltr'>pascha,</span> <span class='ocrx_word' id='word_1_169' title='bbox 1567 1306 1594 1361; x_wconf 93' lang='lat' dir='ltr'>id</span> <span class='ocrx_word' id='word_1_170' title='bbox 1611 1314 1653 1360; x_wconf 90' lang='lat' dir='ltr'>est</span> <span class='ocrx_word' id='word_1_171' title='bbox 1667 1322 1770 1377; x_wconf 74' lang='lat' dir='ltr'>aguntur</span> 
     </span>
    </p>

    <p class='ocr_par' dir='ltr' id='par_1_3' title="bbox 176 1394 1770 1471">
     <span class='ocr_line' id='line_1_13' title="bbox 176 1394 1770 1471; baseline 0.001 -21"><span class='ocrx_word' id='word_1_172' title='bbox 176 1396 269 1451; x_wconf 78' lang='lat' dir='ltr'>Sancti</span> <span class='ocrx_word' id='word_1_173' title='bbox 283 1406 375 1451; x_wconf 71' lang='lat' dir='ltr'>numm</span> <span class='ocrx_word' id='word_1_174' title='bbox 388 1413 403 1451; x_wconf 79' lang='lat' dir='ltr'>a</span> <span class='ocrx_word' id='word_1_175' title='bbox 418 1398 551 1455; x_wconf 77' lang='lat' dir='ltr'>securibus</span> <span class='ocrx_word' id='word_1_176' title='bbox 565 1399 771 1467; x_wconf 81' lang='lat' dir='ltr'>abstinuerunt,</span> <span class='ocrx_word' id='word_1_177' title='bbox 787 1415 843 1456; x_wconf 91' lang='lat' dir='ltr'>non</span> <span class='ocrx_word' id='word_1_178' title='bbox 856 1398 930 1471; x_wconf 85' lang='lat' dir='ltr'>quod</span> <span class='ocrx_word' id='word_1_179' title='bbox 979 1396 1149 1467; x_wconf 86' lang='lat' dir='ltr'>pcsclrulem.</span> <span class='ocrx_word' id='word_1_180' title='bbox 1175 1395 1242 1452; x_wconf 88' lang='lat' dir='ltr'>item</span> <span class='ocrx_word' id='word_1_181' title='bbox 1260 1397 1389 1451; x_wconf 87' lang='lat' dir='ltr'>Christus</span> <span class='ocrx_word' id='word_1_182' title='bbox 1411 1396 1470 1450; x_wconf 83' lang='lat' dir='ltr'>nit:</span> <span class='ocrx_word' id='word_1_183' title='bbox 1492 1394 1576 1452; x_wconf 85' lang='lat' dir='ltr'>Omne</span> <span class='ocrx_word' id='word_1_184' title='bbox 1602 1397 1672 1466; x_wconf 83' lang='lat' dir='ltr'>quod</span> <span class='ocrx_word' id='word_1_185' title='bbox 1696 1397 1725 1449; x_wconf 89' lang='lat' dir='ltr'>in</span> <span class='ocrx_word' id='word_1_186' title='bbox 1740 1414 1770 1452; x_wconf 86' lang='lat' dir='ltr'>os</span> 
     </span>
    </p>
   </div>
   <div class='ocr_carea' id='block_1_3' title="bbox 57 1484 1770 1558">
    <p class='ocr_par' dir='ltr' id='par_1_4' title="bbox 57 1484 1770 1558">
     <span class='ocr_line' id='line_1_14' title="bbox 57 1484 1770 1558; baseline -0.002 -15"><span class='ocrx_word' id='word_1_187' title='bbox 57 1512 62 1519; x_wconf 57' lang='grc'><em>’</em></span> <span class='ocrx_word' id='word_1_188' title='bbox 139 1488 336 1554; x_wconf 75' lang='lat' dir='ltr'>malmessent,</span> <span class='ocrx_word' id='word_1_189' title='bbox 351 1489 696 1558; x_wconf 80' lang='lat' dir='ltr'>relederemalumesset,</span> <span class='ocrx_word' id='word_1_190' title='bbox 712 1493 808 1549; x_wconf 75' lang='lat' dir='ltr'>sedne</span> <span class='ocrx_word' id='word_1_191' title='bbox 822 1490 931 1548; x_wconf 73' lang='lat' dir='ltr'>tomen·</span> <span class='ocrx_word' id='word_1_192' title='bbox 979 1485 1075 1553; x_wconf 84' lang='lat' dir='ltr'>r&#39;rttcot,</span> <span class='ocrx_word' id='word_1_193' title='bbox 1097 1502 1149 1540; x_wconf 88' lang='lat' dir='ltr'>nen</span> <span class='ocrx_word' id='word_1_194' title='bbox 1169 1486 1323 1557; x_wconf 80' lang='lat' dir='ltr'>coinquinat</span> <span class='ocrx_word' id='word_1_195' title='bbox 1349 1485 1481 1540; x_wconf 77' lang='lat' dir='ltr'>leunsinem</span> <span class='ocrx_word' id='word_1_196' title='bbox 1500 1484 1680 1555; x_wconf 76' lang='lat' dir='ltr'>(uarium).</span> <span class='ocrx_word' id='word_1_197' title='bbox 1698 1485 1770 1558; x_wconf 68' lang='lat' dir='ltr'>Ergo</span> 
     </span>
    </p>
   </div>
   <div class='ocr_carea' id='block_1_4' title="bbox 139 1574 1770 2008">
    <p class='ocr_par' dir='ltr' id='par_1_5' title="bbox 139 1574 1770 1737">
     <span class='ocr_line' id='line_1_15' title="bbox 139 1574 1769 1651; baseline -0.004 -16"><span class='ocrx_word' id='word_1_198' title='bbox 139 1584 198 1635; x_wconf 84' lang='lat' dir='ltr'>tum</span> <span class='ocrx_word' id='word_1_199' title='bbox 210 1579 441 1650; x_wconf 65' lang='lat' dir='ltr'>concupiscentiae</span> <span class='ocrx_word' id='word_1_200' title='bbox 452 1581 493 1637; x_wconf 90' lang='lat' dir='ltr'>eis</span> <span class='ocrx_word' id='word_1_201' title='bbox 505 1582 671 1651; x_wconf 86' lang='lat' dir='ltr'>praelrercnt.</span> <span class='ocrx_word' id='word_1_202' title='bbox 979 1590 1121 1633; x_wconf 82' lang='lat' dir='ltr'>neccaro.</span> <span class='ocrx_word' id='word_1_203' title='bbox 1136 1574 1201 1631; x_wconf 89' lang='lat' dir='ltr'>ltem</span> <span class='ocrx_word' id='word_1_204' title='bbox 1214 1576 1364 1647; x_wconf 81' lang='lat' dir='ltr'>Apostolus</span> <span class='ocrx_word' id='word_1_205' title='bbox 1381 1593 1388 1629; x_wconf 76' lang='grc' dir='ltr'><em>τ</em></span> <span class='ocrx_word' id='word_1_206' title='bbox 1407 1575 1490 1631; x_wconf 85' lang='lat' dir='ltr'>Ornrre</span> <span class='ocrx_word' id='word_1_207' title='bbox 1514 1574 1584 1645; x_wconf 78' lang='lat' dir='ltr'>quod</span> <span class='ocrx_word' id='word_1_208' title='bbox 1604 1575 1636 1628; x_wconf 90' lang='lat' dir='ltr'>de</span> <span class='ocrx_word' id='word_1_209' title='bbox 1657 1574 1769 1629; x_wconf 84' lang='lat' dir='ltr'>mucello</span> 
     </span>
     <span class='ocr_line' id='line_1_16' title="bbox 943 1650 1770 1737; baseline -0.005 -15"><span class='ocrx_word' id='word_1_210' title='bbox 943 1650 1060 1735; x_wconf 76' lang='lat' dir='ltr'>Buenit,</span> <span class='ocrx_word' id='word_1_211' title='bbox 1080 1668 1250 1735; x_wconf 86' lang='lat' dir='ltr'>rnottducote,</span> <span class='ocrx_word' id='word_1_212' title='bbox 1273 1668 1341 1722; x_wconf 78' lang='lat' dir='ltr'>ninii</span> <span class='ocrx_word' id='word_1_213' title='bbox 1367 1669 1560 1737; x_wconf 72' lang='lat' dir='ltr'>internoqurrtes</span> <span class='ocrx_word' id='word_1_214' title='bbox 1581 1674 1688 1736; x_wconf 85' lang='lat' dir='ltr'>propter</span> <span class='ocrx_word' id='word_1_215' title='bbox 1709 1681 1770 1719; x_wconf 88' lang='lat' dir='ltr'>con·</span> 
     </span>
    </p>

    <p class='ocr_par' dir='ltr' id='par_1_6' title="bbox 351 1708 1768 1782">
     <span class='ocr_line' id='line_1_17' title="bbox 351 1708 1768 1782; baseline -0.004 -16"><span class='ocrx_word' id='word_1_216' title='bbox 351 1708 432 1782; x_wconf 76' lang='lat'>257</span> <span class='ocrx_word' id='word_1_217' title='bbox 451 1709 567 1767; x_wconf 78' lang='lat' dir='ltr'>cuent</span> <span class='ocrx_word' id='word_1_218' title='bbox 586 1708 705 1768; x_wconf 80' lang='lat' dir='ltr'>Lxxtl.</span> <span class='ocrx_word' id='word_1_219' title='bbox 1012 1761 1018 1774; x_wconf 83' lang='grc'><em>,</em></span> <span class='ocrx_word' id='word_1_220' title='bbox 1067 1761 1073 1774; x_wconf 87' lang='grc'>,</span> <span class='ocrx_word' id='word_1_221' title='bbox 1529 1759 1535 1771; x_wconf 82' lang='grc'><em>,</em></span> <span class='ocrx_word' id='word_1_222' title='bbox 1762 1759 1768 1771; x_wconf 80' lang='grc'><strong>,</strong></span> 
     </span>
    </p>

    <p class='ocr_par' dir='ltr' id='par_1_7' title="bbox 139 1757 1769 2008">
     <span class='ocr_line' id='line_1_18' title="bbox 187 1757 1768 1836; baseline -0.005 -17"><span class='ocrx_word' id='word_1_223' title='bbox 187 1823 193 1836; x_wconf 57' lang='lat'>‚</span> <span class='ocrx_word' id='word_1_224' title='bbox 979 1769 1118 1815; x_wconf 69' lang='lat' dir='ltr'>scienotiam</span> <span class='ocrx_word' id='word_1_225' title='bbox 1141 1758 1168 1829; x_wconf 90' lang='lat' dir='ltr'>(l</span> <span class='ocrx_word' id='word_1_226' title='bbox 1184 1760 1247 1814; x_wconf 83' lang='lat' dir='ltr'>Cor.</span> <span class='ocrx_word' id='word_1_227' title='bbox 1273 1760 1314 1828; x_wconf 84' lang='lat' dir='ltr'>x).</span> <span class='ocrx_word' id='word_1_228' title='bbox 1337 1758 1432 1815; x_wconf 90' lang='lat' dir='ltr'>ldcrn:</span> <span class='ocrx_word' id='word_1_229' title='bbox 1454 1757 1548 1812; x_wconf 83' lang='grc' dir='ltr'>Οιιιιιιι</span> <span class='ocrx_word' id='word_1_230' title='bbox 1575 1768 1699 1812; x_wconf 78' lang='lat' dir='ltr'>creatura</span> <span class='ocrx_word' id='word_1_231' title='bbox 1720 1757 1768 1812; x_wconf 83' lang='lat' dir='ltr'>Det</span> 
     </span>
     <span class='ocr_line' id='line_1_19' title="bbox 139 1821 1768 1917; baseline -0.007 -8"><span class='ocrx_word' id='word_1_232' title='bbox 139 1821 241 1887; x_wconf 59' lang='lat' dir='ltr'>emm</span> <span class='ocrx_word' id='word_1_233' title='bbox 268 1823 476 1908; x_wconf 53' lang='grc' dir='ltr'>ωωήωῷω</span> <span class='ocrx_word' id='word_1_234' title='bbox 499 1834 525 1880; x_wconf 52' lang='grc' dir='ltr'>θ’</span> <span class='ocrx_word' id='word_1_235' title='bbox 547 1824 696 1908; x_wconf 52' lang='grc' dir='ltr'><em>ἵαῖἰωήῦω</em></span> <span class='ocrx_word' id='word_1_236' title='bbox 727 1825 838 1881; x_wconf 60' lang='lat' dir='ltr'>&#39;mm</span> <span class='ocrx_word' id='word_1_237' title='bbox 855 1830 927 1911; x_wconf 60' lang='grc' dir='ltr'>(ΝΜ</span> <span class='ocrx_word' id='word_1_238' title='bbox 980 1849 1150 1915; x_wconf 77' lang='lat' dir='ltr'>loncest,et</span> <span class='ocrx_word' id='word_1_239' title='bbox 1168 1848 1236 1902; x_wconf 74' lang='lat' dir='ltr'>nillil</span> <span class='ocrx_word' id='word_1_240' title='bbox 1259 1848 1431 1917; x_wconf 80' lang='lat' dir='ltr'>rejiciendum</span> <span class='ocrx_word' id='word_1_241' title='bbox 1448 1847 1595 1917; x_wconf 84' lang='lat' dir='ltr'>quodcum</span> <span class='ocrx_word' id='word_1_242' title='bbox 1618 1847 1768 1916; x_wconf 66' lang='lat' dir='ltr'>oratiarum</span> 
     </span>
     <span class='ocr_line' id='line_1_20' title="bbox 172 1894 1769 2008; baseline -0.005 -12"><span class='ocrx_word' id='word_1_243' title='bbox 172 1909 225 1946; x_wconf 68' lang='lat' dir='ltr'>mm</span> <span class='ocrx_word' id='word_1_244' title='bbox 244 1903 347 1948; x_wconf 59' lang='lat' dir='ltr'>mmm</span> <span class='ocrx_word' id='word_1_245' title='bbox 360 1894 494 1949; x_wconf 58' lang='lat' dir='ltr'>“mm</span> <span class='ocrx_word' id='word_1_246' title='bbox 505 1911 522 1949; x_wconf 55' lang='grc' dir='ltr'><em>α</em></span> <span class='ocrx_word' id='word_1_247' title='bbox 534 1895 601 1950; x_wconf 56' lang='lat' dir='ltr'>mu</span> <span class='ocrx_word' id='word_1_248' title='bbox 613 1911 679 1966; x_wconf 55' lang='grc' dir='ltr'><strong>Μ</strong></span> <span class='ocrx_word' id='word_1_249' title='bbox 718 1912 764 1950; x_wconf 65' lang='lat'>⁶¹⁸⁸</span> <span class='ocrx_word' id='word_1_250' title='bbox 779 1907 889 1953; x_wconf 62' lang='lat' dir='ltr'>‘mm‘</span> <span class='ocrx_word' id='word_1_251' title='bbox 980 1940 1086 1992; x_wconf 77' lang='lat' dir='ltr'>actione</span> <span class='ocrx_word' id='word_1_252' title='bbox 1108 1939 1273 2008; x_wconf 82' lang='lat' dir='ltr'>percipitur:</span> <span class='ocrx_word' id='word_1_253' title='bbox 1288 1939 1476 2007; x_wconf 74' lang='lat' dir='ltr'>sanctificatur</span> <span class='ocrx_word' id='word_1_254' title='bbox 1499 1935 1567 1990; x_wconf 88' lang='lat' dir='ltr'>enirn</span> <span class='ocrx_word' id='word_1_255' title='bbox 1584 1952 1631 2005; x_wconf 84' lang='lat' dir='ltr'>per</span> <span class='ocrx_word' id='word_1_256' title='bbox 1663 1935 1769 1990; x_wconf 81' lang='lat' dir='ltr'>cerium</span> 
     </span>
    </p>
   </div>
   <div class='ocr_carea' id='block_1_5' title="bbox 133 2025 1769 2922">
    <p class='ocr_par' dir='ltr' id='par_1_8' title="bbox 133 2025 1769 2922">
     <span class='ocr_line' id='line_1_21' title="bbox 170 2025 1769 2099; baseline 0.006 -19"><span class='ocrx_word' id='word_1_257' title='bbox 170 2025 218 2082; x_wconf 86' lang='lat' dir='ltr'>lsti</span> <span class='ocrx_word' id='word_1_258' title='bbox 232 2030 319 2084; x_wconf 89' lang='lat' dir='ltr'>errori</span> <span class='ocrx_word' id='word_1_259' title='bbox 335 2027 429 2084; x_wconf 90' lang='lat' dir='ltr'>multis</span> <span class='ocrx_word' id='word_1_260' title='bbox 442 2028 654 2085; x_wconf 75' lang='lat' dir='ltr'>auctoritatibus</span> <span class='ocrx_word' id='word_1_261' title='bbox 668 2036 696 2084; x_wconf 90' lang='lat' dir='ltr'>et</span> <span class='ocrx_word' id='word_1_262' title='bbox 710 2029 863 2087; x_wconf 82' lang='lat' dir='ltr'>rationibus</span> <span class='ocrx_word' id='word_1_263' title='bbox 876 2031 927 2089; x_wconf 86' lang='lat' dir='ltr'>ob·</span> <span class='ocrx_word' id='word_1_264' title='bbox 979 2028 1031 2083; x_wconf 74' lang='lat' dir='ltr'>Dei</span> <span class='ocrx_word' id='word_1_265' title='bbox 1045 2038 1071 2083; x_wconf 88' lang='lat' dir='ltr'>et</span> <span class='ocrx_word' id='word_1_266' title='bbox 1083 2030 1230 2084; x_wconf 85' lang='lat' dir='ltr'>orationem</span> <span class='ocrx_word' id='word_1_267' title='bbox 1242 2028 1323 2096; x_wconf 74' lang='lat' dir='ltr'>(Tim.</span> <span class='ocrx_word' id='word_1_268' title='bbox 1337 2031 1386 2099; x_wconf 78' lang='lat' dir='ltr'>tv)-</span> <span class='ocrx_word' id='word_1_269' title='bbox 1400 2028 1464 2083; x_wconf 74' lang='lat' dir='ltr'>ilem</span> <span class='ocrx_word' id='word_1_270' title='bbox 1481 2028 1515 2084; x_wconf 74' lang='lat' dir='ltr'>td</span> <span class='ocrx_word' id='word_1_271' title='bbox 1532 2027 1623 2082; x_wconf 84' lang='lat' dir='ltr'>&#39;litum</span> <span class='ocrx_word' id='word_1_272' title='bbox 1642 2045 1649 2082; x_wconf 70' lang='grc' dir='ltr'><strong><em>τ</em></strong></span> <span class='ocrx_word' id='word_1_273' title='bbox 1671 2027 1769 2083; x_wconf 68' lang='lat' dir='ltr'>Omnia</span> 
     </span>
     <span class='ocr_line' id='line_1_22' title="bbox 134 2118 1768 2191; baseline 0.003 -20"><span class='ocrx_word' id='word_1_274' title='bbox 134 2118 205 2173; x_wconf 82' lang='lat' dir='ltr'>uiuri</span> <span class='ocrx_word' id='word_1_275' title='bbox 221 2127 319 2189; x_wconf 88' lang='lat' dir='ltr'>potest.</span> <span class='ocrx_word' id='word_1_276' title='bbox 346 2119 497 2176; x_wconf 82' lang='lat' dir='ltr'>Prolutum</span> <span class='ocrx_word' id='word_1_277' title='bbox 526 2130 569 2176; x_wconf 89' lang='lat' dir='ltr'>est</span> <span class='ocrx_word' id='word_1_278' title='bbox 591 2122 720 2191; x_wconf 88' lang='lat' dir='ltr'>superius</span> <span class='ocrx_word' id='word_1_279' title='bbox 731 2122 825 2177; x_wconf 84' lang='lat' dir='ltr'>omniu</span> <span class='ocrx_word' id='word_1_280' title='bbox 840 2139 855 2177; x_wconf 85' lang='lat' dir='ltr'>a</span> <span class='ocrx_word' id='word_1_281' title='bbox 870 2122 925 2179; x_wconf 84' lang='lat' dir='ltr'>Deo</span> <span class='ocrx_word' id='word_1_282' title='bbox 980 2122 1080 2176; x_wconf 87' lang='lat' dir='ltr'>munde</span> <span class='ocrx_word' id='word_1_283' title='bbox 1099 2122 1217 2187; x_wconf 78' lang='lat' dir='ltr'>mercdis,</span> <span class='ocrx_word' id='word_1_284' title='bbox 1238 2123 1417 2191; x_wconf 76' lang='lat' dir='ltr'>coinquinatis</span> <span class='ocrx_word' id='word_1_285' title='bbox 1431 2130 1458 2175; x_wconf 89' lang='lat' dir='ltr'>et</span> <span class='ocrx_word' id='word_1_286' title='bbox 1473 2121 1626 2191; x_wconf 77' lang='lat' dir='ltr'>infidelilur</span> <span class='ocrx_word' id='word_1_287' title='bbox 1638 2121 1707 2175; x_wconf 72' lang='lat' dir='ltr'>nituit</span> <span class='ocrx_word' id='word_1_288' title='bbox 1728 2132 1768 2176; x_wconf 85' lang='grc' dir='ltr'>ιιι</span> 
     </span>
     <span class='ocr_line' id='line_1_23' title="bbox 134 2210 1768 2283; baseline 0.001 -20"><span class='ocrx_word' id='word_1_289' title='bbox 134 2218 228 2264; x_wconf 78' lang='lat' dir='ltr'>crema</span> <span class='ocrx_word' id='word_1_290' title='bbox 243 2225 321 2277; x_wconf 89' lang='lat' dir='ltr'>essc;</span> <span class='ocrx_word' id='word_1_291' title='bbox 338 2211 386 2266; x_wconf 85' lang='lat' dir='ltr'>sed</span> <span class='ocrx_word' id='word_1_292' title='bbox 402 2212 470 2267; x_wconf 90' lang='lat' dir='ltr'>nihil</span> <span class='ocrx_word' id='word_1_293' title='bbox 486 2228 502 2267; x_wconf 83' lang='grc' dir='ltr'>ιι</span> <span class='ocrx_word' id='word_1_294' title='bbox 517 2210 574 2267; x_wconf 88' lang='lat' dir='ltr'>Deo</span> <span class='ocrx_word' id='word_1_295' title='bbox 597 2221 719 2268; x_wconf 86' lang='lat' dir='ltr'>creatum</span> <span class='ocrx_word' id='word_1_296' title='bbox 745 2222 787 2269; x_wconf 86' lang='lat' dir='ltr'>est</span> <span class='ocrx_word' id='word_1_297' title='bbox 802 2213 925 2268; x_wconf 89' lang='lat' dir='ltr'>immun·</span> <span class='ocrx_word' id='word_1_298' title='bbox 977 2212 1108 2266; x_wconf 83' lang='lat' dir='ltr'>uturrdurn</span> <span class='ocrx_word' id='word_1_299' title='bbox 1120 2211 1188 2283; x_wconf 84' lang='lat' dir='ltr'>(Tit.</span> <span class='ocrx_word' id='word_1_300' title='bbox 1205 2212 1236 2283; x_wconf 89' lang='lat' dir='ltr'>r).</span> <span class='ocrx_word' id='word_1_301' title='bbox 1252 2211 1305 2267; x_wconf 85' lang='lat' dir='ltr'>Sed</span> <span class='ocrx_word' id='word_1_302' title='bbox 1320 2212 1456 2281; x_wconf 81' lang='lat' dir='ltr'>objiciunt</span> <span class='ocrx_word' id='word_1_303' title='bbox 1476 2212 1598 2267; x_wconf 78' lang='lat' dir='ltr'>heretici</span> <span class='ocrx_word' id='word_1_304' title='bbox 1608 2213 1681 2282; x_wconf 85' lang='lat' dir='ltr'>qrrod</span> <span class='ocrx_word' id='word_1_305' title='bbox 1699 2212 1768 2283; x_wconf 87' lang='lat' dir='ltr'>Apo·</span> 
     </span>
     <span class='ocr_line' id='line_1_24' title="bbox 133 2298 1767 2375; baseline 0.003 -23"><span class='ocrx_word' id='word_1_306' title='bbox 133 2299 211 2355; x_wconf 87' lang='lat' dir='ltr'>dum.</span> <span class='ocrx_word' id='word_1_307' title='bbox 226 2298 298 2370; x_wconf 78' lang='lat' dir='ltr'>Ergo</span> <span class='ocrx_word' id='word_1_308' title='bbox 310 2317 361 2357; x_wconf 89' lang='lat' dir='ltr'>nec</span> <span class='ocrx_word' id='word_1_309' title='bbox 382 2318 447 2358; x_wconf 84' lang='lat' dir='ltr'>cero</span> <span class='ocrx_word' id='word_1_310' title='bbox 461 2311 504 2358; x_wconf 88' lang='lat' dir='ltr'>cst</span> <span class='ocrx_word' id='word_1_311' title='bbox 520 2303 671 2357; x_wconf 86' lang='lat' dir='ltr'>immunda.</span> <span class='ocrx_word' id='word_1_312' title='bbox 687 2304 758 2375; x_wconf 73' lang='lat' dir='ltr'>Ergo</span> <span class='ocrx_word' id='word_1_313' title='bbox 781 2303 924 2359; x_wconf 82' lang='lat' dir='ltr'>abstinen-</span> <span class='ocrx_word' id='word_1_314' title='bbox 976 2303 1065 2359; x_wconf 91' lang='lat' dir='ltr'>stolus</span> <span class='ocrx_word' id='word_1_315' title='bbox 1077 2303 1205 2373; x_wconf 82' lang='lat' dir='ltr'>prolrilret</span> <span class='ocrx_word' id='word_1_316' title='bbox 1221 2302 1366 2358; x_wconf 89' lang='lat' dir='ltr'>comedere</span> <span class='ocrx_word' id='word_1_317' title='bbox 1384 2318 1481 2358; x_wconf 82' lang='lat' dir='ltr'>earnes</span> <span class='ocrx_word' id='word_1_318' title='bbox 1507 2312 1535 2357; x_wconf 90' lang='lat' dir='ltr'>et</span> <span class='ocrx_word' id='word_1_319' title='bbox 1549 2303 1643 2357; x_wconf 86' lang='lat' dir='ltr'>bibere</span> <span class='ocrx_word' id='word_1_320' title='bbox 1660 2303 1767 2367; x_wconf 83' lang='lat' dir='ltr'>vinum,</span> 
     </span>
     <span class='ocr_line' id='line_1_25' title="bbox 134 2390 1766 2463; baseline 0.003 -19"><span class='ocrx_word' id='word_1_321' title='bbox 134 2390 201 2444; x_wconf 90' lang='lat' dir='ltr'>dum</span> <span class='ocrx_word' id='word_1_322' title='bbox 214 2405 268 2444; x_wconf 91' lang='lat' dir='ltr'>nou</span> <span class='ocrx_word' id='word_1_323' title='bbox 287 2401 329 2446; x_wconf 90' lang='lat' dir='ltr'>est</span> <span class='ocrx_word' id='word_1_324' title='bbox 348 2407 362 2447; x_wconf 83' lang='lat' dir='ltr'>u</span> <span class='ocrx_word' id='word_1_325' title='bbox 385 2408 470 2447; x_wconf 82' lang='lat' dir='ltr'>cerne</span> <span class='ocrx_word' id='word_1_326' title='bbox 495 2400 609 2463; x_wconf 86' lang='lat' dir='ltr'>propter</span> <span class='ocrx_word' id='word_1_327' title='bbox 623 2394 684 2462; x_wconf 85' lang='lat' dir='ltr'>ejus</span> <span class='ocrx_word' id='word_1_328' title='bbox 707 2393 922 2449; x_wconf 76' lang='lat' dir='ltr'>immunditiam.</span> <span class='ocrx_word' id='word_1_329' title='bbox 975 2393 1041 2449; x_wconf 91' lang='lat' dir='ltr'>dum</span> <span class='ocrx_word' id='word_1_330' title='bbox 1059 2394 1147 2451; x_wconf 86' lang='lat' dir='ltr'>dicit:</span> <span class='ocrx_word' id='word_1_331' title='bbox 1164 2394 1267 2449; x_wconf 81' lang='lat' dir='ltr'>Boreum</span> <span class='ocrx_word' id='word_1_332' title='bbox 1280 2403 1318 2449; x_wconf 83' lang='lat' dir='ltr'>est</span> <span class='ocrx_word' id='word_1_333' title='bbox 1332 2394 1433 2448; x_wconf 81' lang='lat' dir='ltr'>homini</span> <span class='ocrx_word' id='word_1_334' title='bbox 1450 2410 1502 2447; x_wconf 85' lang='lat' dir='ltr'>non</span> <span class='ocrx_word' id='word_1_335' title='bbox 1516 2395 1649 2448; x_wconf 79' lang='lat' dir='ltr'>concedere</span> <span class='ocrx_word' id='word_1_336' title='bbox 1663 2410 1766 2460; x_wconf 82' lang='lat' dir='ltr'>cernes,</span> 
     </span>
     <span class='ocr_line' id='line_1_26' title="bbox 133 2478 1769 2555; baseline 0.004 -20"><span class='ocrx_word' id='word_1_337' title='bbox 133 2478 212 2547; x_wconf 86' lang='lat' dir='ltr'>item,</span> <span class='ocrx_word' id='word_1_338' title='bbox 227 2498 281 2552; x_wconf 81' lang='lat' dir='ltr'>quun</span> <span class='ocrx_word' id='word_1_339' title='bbox 295 2484 402 2538; x_wconf 81' lang='lat' dir='ltr'>ratione</span> <span class='ocrx_word' id='word_1_340' title='bbox 414 2484 510 2539; x_wconf 89' lang='lat' dir='ltr'>dicunt</span> <span class='ocrx_word' id='word_1_341' title='bbox 531 2483 726 2540; x_wconf 82' lang='lat' dir='ltr'>abstinendum</span> <span class='ocrx_word' id='word_1_342' title='bbox 751 2498 840 2541; x_wconf 83' lang='lat' dir='ltr'>essee</span> <span class='ocrx_word' id='word_1_343' title='bbox 863 2499 925 2539; x_wconf 84' lang='lat' dir='ltr'>cer·</span> <span class='ocrx_word' id='word_1_344' title='bbox 974 2497 1000 2543; x_wconf 88' lang='lat' dir='ltr'>et</span> <span class='ocrx_word' id='word_1_345' title='bbox 1017 2503 1070 2541; x_wconf 84' lang='lat' dir='ltr'>non</span> <span class='ocrx_word' id='word_1_346' title='bbox 1088 2486 1173 2542; x_wconf 81' lang='lat' dir='ltr'>litere</span> <span class='ocrx_word' id='word_1_347' title='bbox 1186 2488 1274 2540; x_wconf 87' lang='lat' dir='ltr'>uinum</span> <span class='ocrx_word' id='word_1_348' title='bbox 1295 2484 1383 2555; x_wconf 82' lang='lat' dir='ltr'>(Rom.</span> <span class='ocrx_word' id='word_1_349' title='bbox 1400 2488 1469 2555; x_wconf 76' lang='lat' dir='ltr'>riu).</span> <span class='ocrx_word' id='word_1_350' title='bbox 1489 2483 1543 2541; x_wconf 89' lang='lat' dir='ltr'>Sed</span> <span class='ocrx_word' id='word_1_351' title='bbox 1556 2486 1674 2541; x_wconf 88' lang='lat' dir='ltr'>dicimus</span> <span class='ocrx_word' id='word_1_352' title='bbox 1694 2485 1769 2555; x_wconf 84' lang='lat' dir='ltr'>qrrod</span> 
     </span>
     <span class='ocr_line' id='line_1_27' title="bbox 134 2573 1766 2648; baseline 0.001 -21"><span class='ocrx_word' id='word_1_353' title='bbox 134 2573 228 2642; x_wconf 76' lang='lat' dir='ltr'>uilius,</span> <span class='ocrx_word' id='word_1_354' title='bbox 243 2582 270 2628; x_wconf 90' lang='lat' dir='ltr'>et</span> <span class='ocrx_word' id='word_1_355' title='bbox 285 2590 340 2629; x_wconf 89' lang='lat' dir='ltr'>nou</span> <span class='ocrx_word' id='word_1_356' title='bbox 364 2575 399 2630; x_wconf 83' lang='lat' dir='ltr'>cb</span> <span class='ocrx_word' id='word_1_357' title='bbox 427 2575 498 2642; x_wconf 83' lang='lat' dir='ltr'>ovis,</span> <span class='ocrx_word' id='word_1_358' title='bbox 514 2589 577 2630; x_wconf 91' lang='lat' dir='ltr'>oum</span> <span class='ocrx_word' id='word_1_359' title='bbox 595 2588 647 2629; x_wconf 81' lang='lat' dir='ltr'>ove</span> <span class='ocrx_word' id='word_1_360' title='bbox 674 2573 762 2645; x_wconf 76' lang='lat' dir='ltr'>magis</span> <span class='ocrx_word' id='word_1_361' title='bbox 787 2573 925 2644; x_wconf 81' lang='lat' dir='ltr'>praelreunt</span> <span class='ocrx_word' id='word_1_362' title='bbox 974 2576 1188 2647; x_wconf 91' lang='lat' dir='ltr'>Apostolusnon</span> <span class='ocrx_word' id='word_1_363' title='bbox 1204 2577 1333 2648; x_wconf 83' lang='lat' dir='ltr'>prolrilret</span> <span class='ocrx_word' id='word_1_364' title='bbox 1355 2576 1400 2632; x_wconf 80' lang='lat' dir='ltr'>liic</span> <span class='ocrx_word' id='word_1_365' title='bbox 1420 2592 1500 2632; x_wconf 91' lang='lat' dir='ltr'>usum</span> <span class='ocrx_word' id='word_1_366' title='bbox 1527 2576 1619 2632; x_wconf 83' lang='lat' dir='ltr'>curnis</span> <span class='ocrx_word' id='word_1_367' title='bbox 1633 2575 1677 2631; x_wconf 83' lang='lat' dir='ltr'>vel</span> <span class='ocrx_word' id='word_1_368' title='bbox 1699 2575 1766 2642; x_wconf 83' lang='lat' dir='ltr'>uini,</span> 
     </span>
     <span class='ocr_line' id='line_1_28' title="bbox 133 2661 1768 2735; baseline 0.001 -17"><span class='ocrx_word' id='word_1_369' title='bbox 133 2662 286 2719; x_wconf 89' lang='lat' dir='ltr'>lomentum</span> <span class='ocrx_word' id='word_1_370' title='bbox 303 2664 421 2719; x_wconf 83' lang='lat' dir='ltr'>lurturiae</span> <span class='ocrx_word' id='word_1_371' title='bbox 445 2661 729 2735; x_wconf 82' lang='lat' dir='ltr'>quemeernerlCur</span> <span class='ocrx_word' id='word_1_372' title='bbox 755 2664 839 2718; x_wconf 88' lang='lat' dir='ltr'>etium</span> <span class='ocrx_word' id='word_1_373' title='bbox 866 2678 923 2720; x_wconf 89' lang='lat' dir='ltr'>non</span> <span class='ocrx_word' id='word_1_374' title='bbox 975 2668 1246 2725; x_wconf 82' lang='lat' dir='ltr'>seddutconsilium</span> <span class='ocrx_word' id='word_1_375' title='bbox 1273 2667 1439 2722; x_wconf 83' lang='lat' dir='ltr'>abstinendi.</span> <span class='ocrx_word' id='word_1_376' title='bbox 1468 2664 1531 2721; x_wconf 73' lang='lat' dir='ltr'>liceo</span> <span class='ocrx_word' id='word_1_377' title='bbox 1564 2674 1659 2721; x_wconf 82' lang='lat' dir='ltr'>contre</span> <span class='ocrx_word' id='word_1_378' title='bbox 1680 2665 1768 2720; x_wconf 73' lang='lat' dir='ltr'>luere·</span> 
     </span>
     <span class='ocr_line' id='line_1_29' title="bbox 134 2753 1766 2829; baseline -0.002 -18"><span class='ocrx_word' id='word_1_379' title='bbox 134 2754 302 2812; x_wconf 77' lang='lat' dir='ltr'>abstinente</span> <span class='ocrx_word' id='word_1_380' title='bbox 323 2756 455 2827; x_wconf 83' lang='lat' dir='ltr'>piscibus,</span> <span class='ocrx_word' id='word_1_381' title='bbox 474 2756 521 2827; x_wconf 85' lang='lat' dir='ltr'>qui</span> <span class='ocrx_word' id='word_1_382' title='bbox 548 2756 631 2812; x_wconf 84' lang='lat' dir='ltr'>etiem</span> <span class='ocrx_word' id='word_1_383' title='bbox 656 2755 773 2828; x_wconf 80' lang='lat' dir='ltr'>quedam</span> <span class='ocrx_word' id='word_1_384' title='bbox 800 2754 923 2812; x_wconf 82' lang='lat' dir='ltr'>seminc-</span> <span class='ocrx_word' id='word_1_385' title='bbox 974 2758 1046 2814; x_wconf 91' lang='lat' dir='ltr'>ticos</span> <span class='ocrx_word' id='word_1_386' title='bbox 1068 2758 1213 2829; x_wconf 80' lang='lat' dir='ltr'>praedictos</span> <span class='ocrx_word' id='word_1_387' title='bbox 1236 2756 1466 2814; x_wconf 83' lang='lat' dir='ltr'>dictssuillciant.</span> <span class='ocrx_word' id='word_1_388' title='bbox 1482 2754 1561 2811; x_wconf 89' lang='lat' dir='ltr'>Nunc</span> <span class='ocrx_word' id='word_1_389' title='bbox 1586 2755 1620 2810; x_wconf 80' lang='lat' dir='ltr'>ed</span> <span class='ocrx_word' id='word_1_390' title='bbox 1636 2753 1698 2809; x_wconf 89' lang='lat' dir='ltr'>illos</span> <span class='ocrx_word' id='word_1_391' title='bbox 1718 2754 1766 2824; x_wconf 88' lang='lat' dir='ltr'>qui</span> 
     </span>
     <span class='ocr_line' id='line_1_30' title="bbox 134 2845 1572 2922; baseline 0.002 -23"><span class='ocrx_word' id='word_1_392' title='bbox 134 2846 190 2909; x_wconf 81' lang='lat' dir='ltr'>tire</span> <span class='ocrx_word' id='word_1_393' title='bbox 207 2846 313 2903; x_wconf 83' lang='lat' dir='ltr'>cutione</span> <span class='ocrx_word' id='word_1_394' title='bbox 339 2856 499 2916; x_wconf 82' lang='lat' dir='ltr'>nuscuntur,</span> <span class='ocrx_word' id='word_1_395' title='bbox 512 2856 540 2905; x_wconf 89' lang='lat' dir='ltr'>et</span> <span class='ocrx_word' id='word_1_396' title='bbox 565 2847 678 2920; x_wconf 85' lang='lat' dir='ltr'>quidum</span> <span class='ocrx_word' id='word_1_397' title='bbox 705 2848 788 2904; x_wconf 83' lang='lat' dir='ltr'>etiem</span> <span class='ocrx_word' id='word_1_398' title='bbox 813 2847 921 2903; x_wconf 83' lang='lat' dir='ltr'>delicati</span> <span class='ocrx_word' id='word_1_399' title='bbox 976 2845 1138 2906; x_wconf 76' lang='lat' dir='ltr'>waldenses</span> <span class='ocrx_word' id='word_1_400' title='bbox 1150 2849 1291 2917; x_wconf 85' lang='lat' dir='ltr'>dicuntur,</span> <span class='ocrx_word' id='word_1_401' title='bbox 1307 2850 1408 2922; x_wconf 78' lang='lat' dir='ltr'>stylum</span> <span class='ocrx_word' id='word_1_402' title='bbox 1421 2858 1572 2905; x_wconf 80' lang='lat' dir='ltr'>vertamus.</span> 
     </span>
    </p>
   </div>
   <div class='ocr_carea' id='block_1_6' title="bbox 135 2997 1749 3023">
    <p class='ocr_par' dir='ltr' id='par_1_9' title="bbox 135 2997 1749 3023">
     <span class='ocr_line' id='line_1_31' title="bbox 135 2997 1749 3023; baseline -0.006 0"><span class='ocrx_word' id='word_1_403' title='bbox 135 2997 1749 3023; x_wconf 54' lang='lat' dir='ltr'>mmm</span> 
     </span>
    </p>
   </div>
   <div class='ocr_carea' id='block_1_7' title="bbox 681 3165 1221 3422">
    <p class='ocr_par' dir='ltr' id='par_1_10' title="bbox 681 3165 1221 3422">
     <span class='ocr_line' id='line_1_32' title="bbox 681 3165 1221 3256; baseline -0.002 -1"><span class='ocrx_word' id='word_1_404' title='bbox 681 3165 859 3256; x_wconf 84' lang='lat' dir='ltr'>LIBER</span> <span class='ocrx_word' id='word_1_405' title='bbox 891 3165 1221 3256; x_wconf 78' lang='lat' dir='ltr'><strong>SECUNDUS.</strong></span> 
     </span>
     <span class='ocr_line' id='line_1_33' title="bbox 716 3355 1164 3422; baseline -0.009 0"><span class='ocrx_word' id='word_1_406' title='bbox 716 3357 880 3422; x_wconf 85' lang='lat' dir='ltr'>conrnu</span> <span class='ocrx_word' id='word_1_407' title='bbox 899 3355 1164 3420; x_wconf 80' lang='lat' dir='ltr'>wucnnnsns.</span> 
     </span>
    </p>
   </div>
   <div class='ocr_carea' id='block_1_8' title="bbox 335 3642 1764 3732">
    <p class='ocr_par' dir='ltr' id='par_1_11' title="bbox 335 3642 1764 3732">
     <span class='ocr_line' id='line_1_34' title="bbox 335 3642 1764 3732; baseline -0.009 -3"><span class='ocrx_word' id='word_1_408' title='bbox 335 3642 419 3732; x_wconf 65' lang='lat'>258</span> <span class='ocrx_word' id='word_1_409' title='bbox 435 3656 550 3715; x_wconf 69' lang='lat' dir='ltr'>CAPUT</span> <span class='ocrx_word' id='word_1_410' title='bbox 568 3654 716 3713; x_wconf 70' lang='lat' dir='ltr'><strong>Pfflfflffl·</strong></span> <span class='ocrx_word' id='word_1_411' title='bbox 938 3662 961 3721; x_wconf 83' lang='lat' dir='ltr'>c</span> <span class='ocrx_word' id='word_1_412' title='bbox 978 3666 1041 3714; x_wconf 89' lang='lat' dir='ltr'>tum</span> <span class='ocrx_word' id='word_1_413' title='bbox 1050 3658 1084 3725; x_wconf 76' lang='lat'>⁹⁸,</span> <span class='ocrx_word' id='word_1_414' title='bbox 1098 3672 1152 3714; x_wconf 93' lang='lat' dir='ltr'>non</span> <span class='ocrx_word' id='word_1_415' title='bbox 1164 3657 1198 3713; x_wconf 82' lang='lat' dir='ltr'>ud</span> <span class='ocrx_word' id='word_1_416' title='bbox 1210 3672 1307 3715; x_wconf 87' lang='lat' dir='ltr'>rerum</span> <span class='ocrx_word' id='word_1_417' title='bbox 1317 3663 1491 3714; x_wconf 76' lang='lat' dir='ltr'>convertunt.</span> <span class='ocrx_word' id='word_1_418' title='bbox 1504 3654 1557 3723; x_wconf 83' lang='lat' dir='ltr'>Qui</span> <span class='ocrx_word' id='word_1_419' title='bbox 1571 3655 1663 3728; x_wconf 85' lang='lat' dir='ltr'>potius</span> <span class='ocrx_word' id='word_1_420' title='bbox 1675 3667 1706 3715; x_wconf 92' lang='lat' dir='ltr'>ut</span> <span class='ocrx_word' id='word_1_421' title='bbox 1718 3675 1764 3717; x_wconf 80' lang='lat' dir='ltr'>su·</span> 
     </span>
    </p>
   </div>
   <div class='ocr_carea' id='block_1_9' title="bbox 133 3748 1764 3916">
    <p class='ocr_par' dir='ltr' id='par_1_12' title="bbox 133 3748 1764 3916">
     <span class='ocr_line' id='line_1_35' title="bbox 133 3748 1763 3845; baseline -0.01 -12"><span class='ocrx_word' id='word_1_422' title='bbox 133 3774 457 3845; x_wconf 79' lang='lat' dir='ltr'>Quiluruuctoritotiius</span> <span class='ocrx_word' id='word_1_423' title='bbox 478 3782 504 3829; x_wconf 92' lang='lat' dir='ltr'>et</span> <span class='ocrx_word' id='word_1_424' title='bbox 532 3773 680 3830; x_wconf 79' lang='lat' dir='ltr'>retinniunt</span> <span class='ocrx_word' id='word_1_425' title='bbox 703 3770 834 3841; x_wconf 77' lang='lat' dir='ltr'>probetur</span> <span class='ocrx_word' id='word_1_426' title='bbox 850 3773 921 3845; x_wconf 83' lang='lat' dir='ltr'>quod</span> <span class='ocrx_word' id='word_1_427' title='bbox 972 3751 1172 3805; x_wconf 54' lang='lat' dir='ltr'><strong>mmmmm</strong></span> <span class='ocrx_word' id='word_1_428' title='bbox 1192 3766 1275 3820; x_wconf 71' lang='lat' dir='ltr'>(luam</span> <span class='ocrx_word' id='word_1_429' title='bbox 1302 3748 1469 3816; x_wconf 68' lang='lat' dir='ltr'>ffl0⁰20m”2</span> <span class='ocrx_word' id='word_1_430' title='bbox 1485 3750 1635 3819; x_wconf 62' lang='lat' dir='ltr'>liiaefflffll&#39;t</span> <span class='ocrx_word' id='word_1_431' title='bbox 1658 3766 1763 3822; x_wconf 63' lang='lat' dir='ltr'>lmu-</span> 
     </span>
     <span class='ocr_line' id='line_1_36' title="bbox 169 3842 1764 3916; baseline -0.003 -13"><span class='ocrx_word' id='word_1_432' title='bbox 169 3847 258 3903; x_wconf 84' lang='lat' dir='ltr'>nullus</span> <span class='ocrx_word' id='word_1_433' title='bbox 271 3847 363 3901; x_wconf 84' lang='lat' dir='ltr'>deiect</span> <span class='ocrx_word' id='word_1_434' title='bbox 378 3845 535 3915; x_wconf 78' lang='lat' dir='ltr'>predicare,</span> <span class='ocrx_word' id='word_1_435' title='bbox 552 3845 605 3901; x_wconf 85' lang='lat' dir='ltr'>nisi</span> <span class='ocrx_word' id='word_1_436' title='bbox 621 3845 683 3899; x_wconf 83' lang='lat' dir='ltr'>site</span> <span class='ocrx_word' id='word_1_437' title='bbox 699 3844 920 3916; x_wconf 70' lang='lat' dir='ltr'>mojoreprceloto</span> <span class='ocrx_word' id='word_1_438' title='bbox 971 3850 1061 3908; x_wconf 85' lang='lat' dir='ltr'>munt,</span> <span class='ocrx_word' id='word_1_439' title='bbox 1077 3850 1104 3897; x_wconf 92' lang='lat' dir='ltr'>et</span> <span class='ocrx_word' id='word_1_440' title='bbox 1121 3857 1184 3897; x_wconf 89' lang='lat' dir='ltr'>cunr</span> <span class='ocrx_word' id='word_1_441' title='bbox 1209 3857 1265 3897; x_wconf 88' lang='lat' dir='ltr'>non</span> <span class='ocrx_word' id='word_1_442' title='bbox 1281 3843 1365 3898; x_wconf 82' lang='lat' dir='ltr'>velint</span> <span class='ocrx_word' id='word_1_443' title='bbox 1388 3842 1516 3897; x_wconf 79' lang='lat' dir='ltr'>laborare</span> <span class='ocrx_word' id='word_1_444' title='bbox 1540 3843 1659 3913; x_wconf 90' lang='lat' dir='ltr'>propriis</span> <span class='ocrx_word' id='word_1_445' title='bbox 1674 3844 1764 3898; x_wconf 83' lang='lat' dir='ltr'>meni·</span> 
     </span>
    </p>
   </div>
   <div class='ocr_carea' id='block_1_10' title="bbox 129 3921 1764 5302">
    <p class='ocr_par' dir='ltr' id='par_1_13' title="bbox 167 3921 1764 4003">
     <span class='ocr_line' id='line_1_37' title="bbox 167 3921 1764 4003; baseline -0.002 -9"><span class='ocrx_word' id='word_1_446' title='bbox 167 3921 274 3973; x_wconf 58' lang='lat' dir='ltr'><em>&#39;mm&#39;-</em></span> <span class='ocrx_word' id='word_1_447' title='bbox 970 3933 1023 3990; x_wconf 88' lang='lat' dir='ltr'>bus</span> <span class='ocrx_word' id='word_1_448' title='bbox 1039 3944 1068 3987; x_wconf 90' lang='lat' dir='ltr'>ut</span> <span class='ocrx_word' id='word_1_449' title='bbox 1085 3934 1228 4003; x_wconf 83' lang='lat' dir='ltr'>acquirunt</span> <span class='ocrx_word' id='word_1_450' title='bbox 1241 3934 1354 3999; x_wconf 84' lang='lat' dir='ltr'>vietum,</span> <span class='ocrx_word' id='word_1_451' title='bbox 1371 3934 1477 3987; x_wconf 85' lang='lat' dir='ltr'>malunt</span> <span class='ocrx_word' id='word_1_452' title='bbox 1499 3933 1587 3987; x_wconf 88' lang='lat' dir='ltr'>otiose</span> <span class='ocrx_word' id='word_1_453' title='bbox 1612 3932 1705 3988; x_wconf 81' lang='lat' dir='ltr'>rivere</span> <span class='ocrx_word' id='word_1_454' title='bbox 1735 3940 1764 3991; x_wconf 88' lang='lat' dir='ltr'>et</span> 
     </span>
    </p>

    <p class='ocr_par' dir='ltr' id='par_1_14' title="bbox 129 4021 1763 5302">
     <span class='ocr_line' id='line_1_38' title="bbox 167 4021 1763 4103; baseline -0.005 -16"><span class='ocrx_word' id='word_1_455' title='bbox 167 4031 237 4088; x_wconf 86' lang='lat' dir='ltr'>Sunt</span> <span class='ocrx_word' id='word_1_456' title='bbox 251 4031 364 4103; x_wconf 82' lang='lat' dir='ltr'>quddam</span> <span class='ocrx_word' id='word_1_457' title='bbox 378 4029 502 4086; x_wconf 76' lang='lat' dir='ltr'>heretici</span> <span class='ocrx_word' id='word_1_458' title='bbox 518 4031 565 4101; x_wconf 82' lang='lat' dir='ltr'>qui</span> <span class='ocrx_word' id='word_1_459' title='bbox 587 4030 716 4102; x_wconf 85' lang='lat' dir='ltr'>sejustus</span> <span class='ocrx_word' id='word_1_460' title='bbox 730 4044 791 4085; x_wconf 90' lang='lat' dir='ltr'>esse</span> <span class='ocrx_word' id='word_1_461' title='bbox 803 4027 919 4100; x_wconf 78' lang='lat' dir='ltr'>fingunt,</span> <span class='ocrx_word' id='word_1_462' title='bbox 970 4026 1040 4082; x_wconf 77' lang='lat' dir='ltr'>tarsa</span> <span class='ocrx_word' id='word_1_463' title='bbox 1063 4024 1097 4058; x_wconf 77' lang='lat'>¹⁰⁰</span> <span class='ocrx_word' id='word_1_464' title='bbox 1113 4026 1272 4095; x_wconf 84' lang='lat' dir='ltr'>praedicure,</span> <span class='ocrx_word' id='word_1_465' title='bbox 1287 4033 1316 4079; x_wconf 92' lang='lat' dir='ltr'>ut</span> <span class='ocrx_word' id='word_1_466' title='bbox 1341 4032 1474 4079; x_wconf 82' lang='lat' dir='ltr'>venentur</span> <span class='ocrx_word' id='word_1_467' title='bbox 1485 4023 1576 4077; x_wconf 83' lang='lat' dir='ltr'>citrum</span> <span class='ocrx_word' id='word_1_468' title='bbox 1593 4021 1620 4093; x_wconf 91' lang='lat' dir='ltr'>(l</span> <span class='ocrx_word' id='word_1_469' title='bbox 1632 4022 1694 4078; x_wconf 80' lang='lat' dir='ltr'>Cor.</span> <span class='ocrx_word' id='word_1_470' title='bbox 1711 4030 1763 4095; x_wconf 77' lang='lat' dir='ltr'>rrl3</span> 
     </span>
     <span class='ocr_line' id='line_1_39' title="bbox 130 4116 1763 4193; baseline -0.005 -14"><span class='ocrx_word' id='word_1_471' title='bbox 130 4139 193 4179; x_wconf 91' lang='lat' dir='ltr'>cum</span> <span class='ocrx_word' id='word_1_472' title='bbox 213 4124 271 4179; x_wconf 89' lang='lat' dir='ltr'>sint</span> <span class='ocrx_word' id='word_1_473' title='bbox 294 4123 349 4193; x_wconf 90' lang='lat' dir='ltr'>lupi</span> <span class='ocrx_word' id='word_1_474' title='bbox 374 4129 449 4177; x_wconf 85' lang='lat' dir='ltr'>veste</span> <span class='ocrx_word' id='word_1_475' title='bbox 466 4121 547 4176; x_wconf 85' lang='lat' dir='ltr'>ovina</span> <span class='ocrx_word' id='word_1_476' title='bbox 570 4121 669 4177; x_wconf 76' lang='lat' dir='ltr'>induti,</span> <span class='ocrx_word' id='word_1_477' title='bbox 686 4120 724 4176; x_wconf 87' lang='lat' dir='ltr'>De</span> <span class='ocrx_word' id='word_1_478' title='bbox 744 4120 846 4191; x_wconf 82' lang='lat' dir='ltr'>quibus</span> <span class='ocrx_word' id='word_1_479' title='bbox 865 4117 921 4174; x_wconf 80' lang='lat' dir='ltr'>llo·</span> <span class='ocrx_word' id='word_1_480' title='bbox 972 4134 1036 4173; x_wconf 90' lang='lat' dir='ltr'>cum</span> <span class='ocrx_word' id='word_1_481' title='bbox 1052 4117 1155 4175; x_wconf 82' lang='lat' dir='ltr'>Paulus</span> <span class='ocrx_word' id='word_1_482' title='bbox 1166 4119 1240 4174; x_wconf 82' lang='lat' dir='ltr'>dicut</span> <span class='ocrx_word' id='word_1_483' title='bbox 1252 4136 1260 4174; x_wconf 74' lang='grc' dir='ltr'>ι</span> <span class='ocrx_word' id='word_1_484' title='bbox 1273 4117 1326 4182; x_wconf 84' lang='lat' dir='ltr'>Qui</span> <span class='ocrx_word' id='word_1_485' title='bbox 1339 4134 1391 4171; x_wconf 89' lang='lat' dir='ltr'>non</span> <span class='ocrx_word' id='word_1_486' title='bbox 1407 4116 1523 4183; x_wconf 83' lang='lat' dir='ltr'>laboret,</span> <span class='ocrx_word' id='word_1_487' title='bbox 1545 4132 1597 4171; x_wconf 89' lang='lat' dir='ltr'>non</span> <span class='ocrx_word' id='word_1_488' title='bbox 1621 4117 1763 4171; x_wconf 83' lang='lat' dir='ltr'>manducet</span> 
     </span>
     <span class='ocr_line' id='line_1_40' title="bbox 131 4206 1761 4283; baseline -0.006 -15"><span class='ocrx_word' id='word_1_489' title='bbox 131 4215 224 4269; x_wconf 91' lang='lat' dir='ltr'>minus</span> <span class='ocrx_word' id='word_1_490' title='bbox 242 4214 269 4268; x_wconf 94' lang='lat' dir='ltr'>in</span> <span class='ocrx_word' id='word_1_491' title='bbox 284 4211 434 4283; x_wconf 76' lang='lat' dir='ltr'>Evangelio</span> <span class='ocrx_word' id='word_1_492' title='bbox 454 4211 541 4267; x_wconf 88' lang='lat' dir='ltr'>dicit:</span> <span class='ocrx_word' id='word_1_493' title='bbox 563 4212 700 4266; x_wconf 78' lang='lat' dir='ltr'>Attendite</span> <span class='ocrx_word' id='word_1_494' title='bbox 721 4210 831 4281; x_wconf 67' lang='lat' dir='ltr'>etnicis</span> <span class='ocrx_word' id='word_1_495' title='bbox 855 4225 919 4280; x_wconf 85' lang='lat' dir='ltr'>pro·</span> <span class='ocrx_word' id='word_1_496' title='bbox 970 4208 1016 4280; x_wconf 86' lang='lat' dir='ltr'>(ll</span> <span class='ocrx_word' id='word_1_497' title='bbox 1032 4209 1122 4266; x_wconf 75' lang='lat' dir='ltr'>Thess.</span> <span class='ocrx_word' id='word_1_498' title='bbox 1137 4209 1188 4280; x_wconf 85' lang='lat' dir='ltr'>ut).</span> <span class='ocrx_word' id='word_1_499' title='bbox 1207 4208 1258 4275; x_wconf 82' lang='lat' dir='ltr'>Qui</span> <span class='ocrx_word' id='word_1_500' title='bbox 1274 4208 1373 4280; x_wconf 84' lang='lat' dir='ltr'>primo.</span> <span class='ocrx_word' id='word_1_501' title='bbox 1387 4206 1415 4261; x_wconf 92' lang='lat' dir='ltr'>in</span> <span class='ocrx_word' id='word_1_502' title='bbox 1442 4207 1494 4260; x_wconf 84' lang='lat' dir='ltr'>lroe</span> <span class='ocrx_word' id='word_1_503' title='bbox 1516 4206 1645 4275; x_wconf 72' lang='lat' dir='ltr'>navigent</span> <span class='ocrx_word' id='word_1_504' title='bbox 1663 4212 1761 4259; x_wconf 73' lang='lat' dir='ltr'>contra</span> 
     </span>
     <span class='ocr_line' id='line_1_41' title="bbox 130 4296 1761 4377; baseline -0.004 -19"><span class='ocrx_word' id='word_1_505' title='bbox 130 4307 215 4376; x_wconf 78' lang='lat' dir='ltr'>pletis</span> <span class='ocrx_word' id='word_1_506' title='bbox 227 4306 272 4377; x_wconf 80' lang='lat' dir='ltr'>qui</span> <span class='ocrx_word' id='word_1_507' title='bbox 293 4306 399 4360; x_wconf 87' lang='lat' dir='ltr'>ueniunt</span> <span class='ocrx_word' id='word_1_508' title='bbox 415 4304 451 4357; x_wconf 86' lang='lat' dir='ltr'>od</span> <span class='ocrx_word' id='word_1_509' title='bbox 475 4319 519 4357; x_wconf 83' lang='lat' dir='ltr'>uec</span> <span class='ocrx_word' id='word_1_510' title='bbox 540 4303 745 4357; x_wconf 78' lang='lat' dir='ltr'>investimentis</span> <span class='ocrx_word' id='word_1_511' title='bbox 767 4302 864 4366; x_wconf 81' lang='lat' dir='ltr'>ouium,</span> <span class='ocrx_word' id='word_1_512' title='bbox 878 4302 920 4354; x_wconf 86' lang='lat' dir='ltr'>in·</span> <span class='ocrx_word' id='word_1_513' title='bbox 969 4303 1092 4359; x_wconf 83' lang='lat' dir='ltr'>divinum</span> <span class='ocrx_word' id='word_1_514' title='bbox 1118 4301 1319 4366; x_wconf 71' lang='lat' dir='ltr'>auctoritatem.</span> <span class='ocrx_word' id='word_1_515' title='bbox 1335 4308 1363 4356; x_wconf 89' lang='lat' dir='ltr'>et</span> <span class='ocrx_word' id='word_1_516' title='bbox 1382 4308 1478 4356; x_wconf 83' lang='lat' dir='ltr'>contra</span> <span class='ocrx_word' id='word_1_517' title='bbox 1494 4313 1580 4353; x_wconf 78' lang='lat' dir='ltr'>sacrm</span> <span class='ocrx_word' id='word_1_518' title='bbox 1609 4296 1761 4367; x_wconf 76' lang='lat' dir='ltr'>scripture</span> 
     </span>
     <span class='ocr_line' id='line_1_42' title="bbox 132 4388 1763 4466; baseline -0.004 -14"><span class='ocrx_word' id='word_1_519' title='bbox 132 4399 259 4453; x_wconf 77' lang='lat' dir='ltr'>trinsecus</span> <span class='ocrx_word' id='word_1_520' title='bbox 282 4412 342 4451; x_wconf 86' lang='lat' dir='ltr'>uero</span> <span class='ocrx_word' id='word_1_521' title='bbox 364 4403 425 4450; x_wconf 84' lang='lat' dir='ltr'>sunt</span> <span class='ocrx_word' id='word_1_522' title='bbox 447 4395 502 4466; x_wconf 85' lang='lat' dir='ltr'>lupi</span> <span class='ocrx_word' id='word_1_523' title='bbox 518 4411 626 4466; x_wconf 79' lang='lat' dir='ltr'>capuces</span> <span class='ocrx_word' id='word_1_524' title='bbox 654 4394 764 4463; x_wconf 74' lang='lat' dir='ltr'>(ilerde</span> <span class='ocrx_word' id='word_1_525' title='bbox 795 4394 858 4465; x_wconf 82' lang='lat' dir='ltr'>un).</span> <span class='ocrx_word' id='word_1_526' title='bbox 885 4391 919 4448; x_wconf 88' lang='lat' dir='ltr'>ili</span> <span class='ocrx_word' id='word_1_527' title='bbox 969 4394 1205 4466; x_wconf 81' lang='lat' dir='ltr'>praecorriu,quod</span> <span class='ocrx_word' id='word_1_528' title='bbox 1234 4392 1384 4462; x_wconf 77' lang='lat' dir='ltr'>predicant</span> <span class='ocrx_word' id='word_1_529' title='bbox 1411 4406 1466 4446; x_wconf 90' lang='lat' dir='ltr'>non</span> <span class='ocrx_word' id='word_1_530' title='bbox 1482 4389 1560 4444; x_wconf 85' lang='lat' dir='ltr'>missi</span> <span class='ocrx_word' id='word_1_531' title='bbox 1584 4405 1599 4444; x_wconf 87' lang='lat' dir='ltr'>n</span> <span class='ocrx_word' id='word_1_532' title='bbox 1623 4388 1763 4459; x_wconf 84' lang='lat' dir='ltr'>superiori</span> 
     </span>
     <span class='ocr_line' id='line_1_43' title="bbox 133 4479 1761 4558; baseline -0.006 -17"><span class='ocrx_word' id='word_1_533' title='bbox 133 4488 292 4543; x_wconf 71' lang='lat' dir='ltr'>li&#39;uldenses</span> <span class='ocrx_word' id='word_1_534' title='bbox 309 4488 449 4552; x_wconf 86' lang='lat' dir='ltr'>dicuutur,</span> <span class='ocrx_word' id='word_1_535' title='bbox 462 4501 477 4541; x_wconf 83' lang='lat' dir='ltr'>a</span> <span class='ocrx_word' id='word_1_536' title='bbox 492 4500 542 4541; x_wconf 92' lang='lat' dir='ltr'>suo</span> <span class='ocrx_word' id='word_1_537' title='bbox 566 4484 758 4551; x_wconf 74' lang='lat' dir='ltr'>lieresiurclru,</span> <span class='ocrx_word' id='word_1_538' title='bbox 771 4485 818 4548; x_wconf 86' lang='lat' dir='ltr'>oui</span> <span class='ocrx_word' id='word_1_539' title='bbox 837 4499 918 4541; x_wconf 82' lang='lat' dir='ltr'>voca·</span> <span class='ocrx_word' id='word_1_540' title='bbox 969 4487 1152 4558; x_wconf 68' lang='lat' dir='ltr'>praetemunt</span> <span class='ocrx_word' id='word_1_541' title='bbox 1173 4499 1189 4538; x_wconf 89' lang='lat' dir='ltr'>a</span> <span class='ocrx_word' id='word_1_542' title='bbox 1209 4482 1284 4551; x_wconf 81' lang='lat' dir='ltr'>lieo;</span> <span class='ocrx_word' id='word_1_543' title='bbox 1312 4496 1402 4537; x_wconf 81' lang='lat' dir='ltr'>numu</span> <span class='ocrx_word' id='word_1_544' title='bbox 1417 4479 1474 4536; x_wconf 84' lang='lat' dir='ltr'>Deo</span> <span class='ocrx_word' id='word_1_545' title='bbox 1499 4480 1600 4535; x_wconf 89' lang='lat' dir='ltr'>missos</span> <span class='ocrx_word' id='word_1_546' title='bbox 1619 4493 1681 4534; x_wconf 87' lang='lat' dir='ltr'>esse</span> <span class='ocrx_word' id='word_1_547' title='bbox 1705 4493 1761 4533; x_wconf 92' lang='lat' dir='ltr'>nou</span> 
     </span>
     <span class='ocr_line' id='line_1_44' title="bbox 131 4569 1761 4650; baseline -0.009 -14"><span class='ocrx_word' id='word_1_548' title='bbox 131 4580 213 4637; x_wconf 78' lang='lat' dir='ltr'>betur</span> <span class='ocrx_word' id='word_1_549' title='bbox 226 4579 351 4645; x_wconf 82' lang='lat' dir='ltr'>waldus,</span> <span class='ocrx_word' id='word_1_550' title='bbox 366 4579 413 4650; x_wconf 83' lang='lat' dir='ltr'>qui</span> <span class='ocrx_word' id='word_1_551' title='bbox 429 4592 480 4634; x_wconf 87' lang='lat' dir='ltr'>sno</span> <span class='ocrx_word' id='word_1_552' title='bbox 503 4576 600 4648; x_wconf 88' lang='lat' dir='ltr'>spiritu</span> <span class='ocrx_word' id='word_1_553' title='bbox 618 4577 726 4643; x_wconf 89' lang='lat' dir='ltr'>ductus,</span> <span class='ocrx_word' id='word_1_554' title='bbox 744 4592 799 4633; x_wconf 92' lang='lat' dir='ltr'>non</span> <span class='ocrx_word' id='word_1_555' title='bbox 826 4574 918 4632; x_wconf 80' lang='lat' dir='ltr'>clleo</span> <span class='ocrx_word' id='word_1_556' title='bbox 969 4577 1087 4648; x_wconf 84' lang='lat' dir='ltr'>probunt</span> <span class='ocrx_word' id='word_1_557' title='bbox 1100 4590 1196 4631; x_wconf 87' lang='lat' dir='ltr'>eorum</span> <span class='ocrx_word' id='word_1_558' title='bbox 1212 4588 1307 4644; x_wconf 81' lang='lat' dir='ltr'>opera,</span> <span class='ocrx_word' id='word_1_559' title='bbox 1326 4587 1378 4627; x_wconf 90' lang='lat' dir='ltr'>nec</span> <span class='ocrx_word' id='word_1_560' title='bbox 1402 4570 1536 4627; x_wconf 78' lang='lat' dir='ltr'>miracula</span> <span class='ocrx_word' id='word_1_561' title='bbox 1565 4569 1761 4639; x_wconf 25' lang='lat' dir='ltr'>comprobant..</span> 
     </span>
     <span class='ocr_line' id='line_1_45' title="bbox 132 4656 1762 4740; baseline -0.012 -11"><span class='ocrx_word' id='word_1_562' title='bbox 132 4675 243 4737; x_wconf 87' lang='lat' dir='ltr'>missus.</span> <span class='ocrx_word' id='word_1_563' title='bbox 260 4687 358 4728; x_wconf 85' lang='lat' dir='ltr'>nouum</span> <span class='ocrx_word' id='word_1_564' title='bbox 374 4686 476 4728; x_wconf 79' lang='lat' dir='ltr'>sectam</span> <span class='ocrx_word' id='word_1_565' title='bbox 492 4669 605 4736; x_wconf 79' lang='lat' dir='ltr'>inuenit,</span> <span class='ocrx_word' id='word_1_566' title='bbox 619 4670 723 4725; x_wconf 85' lang='lat' dir='ltr'>scilicet</span> <span class='ocrx_word' id='word_1_567' title='bbox 737 4677 768 4724; x_wconf 90' lang='lat' dir='ltr'>ut</span> <span class='ocrx_word' id='word_1_568' title='bbox 779 4669 839 4726; x_wconf 89' lang='lat' dir='ltr'>sine</span> <span class='ocrx_word' id='word_1_569' title='bbox 849 4684 919 4740; x_wconf 85' lang='lat' dir='ltr'>prae·</span> <span class='ocrx_word' id='word_1_570' title='bbox 970 4668 1065 4724; x_wconf 84' lang='lat' dir='ltr'>llissio</span> <span class='ocrx_word' id='word_1_571' title='bbox 1080 4665 1154 4722; x_wconf 87' lang='lat' dir='ltr'>enlm</span> <span class='ocrx_word' id='word_1_572' title='bbox 1170 4663 1350 4727; x_wconf 74' lang='lat' dir='ltr'>adsciscis,</span> <span class='ocrx_word' id='word_1_573' title='bbox 1368 4670 1396 4716; x_wconf 88' lang='lat' dir='ltr'>et</span> <span class='ocrx_word' id='word_1_574' title='bbox 1419 4659 1549 4731; x_wconf 84' lang='lat' dir='ltr'>operibus</span> <span class='ocrx_word' id='word_1_575' title='bbox 1562 4658 1696 4728; x_wconf 81' lang='lat' dir='ltr'>probatur</span> <span class='ocrx_word' id='word_1_576' title='bbox 1711 4656 1762 4711; x_wconf 72' lang='lat' dir='ltr'>lio·</span> 
     </span>
     <span class='ocr_line' id='line_1_46' title="bbox 131 4748 1760 4831; baseline -0.011 -10"><span class='ocrx_word' id='word_1_577' title='bbox 131 4765 178 4821; x_wconf 84' lang='lat' dir='ltr'>luti</span> <span class='ocrx_word' id='word_1_578' title='bbox 189 4766 362 4830; x_wconf 77' lang='lat' dir='ltr'>auctoritate,</span> <span class='ocrx_word' id='word_1_579' title='bbox 374 4764 434 4819; x_wconf 88' lang='lat' dir='ltr'>sine</span> <span class='ocrx_word' id='word_1_580' title='bbox 448 4764 539 4819; x_wconf 85' lang='lat' dir='ltr'>divino</span> <span class='ocrx_word' id='word_1_581' title='bbox 552 4763 741 4831; x_wconf 82' lang='lat' dir='ltr'>inspiratione,</span> <span class='ocrx_word' id='word_1_582' title='bbox 754 4763 813 4818; x_wconf 90' lang='lat' dir='ltr'>sine</span> <span class='ocrx_word' id='word_1_583' title='bbox 827 4764 919 4819; x_wconf 89' lang='lat' dir='ltr'>scien-</span> <span class='ocrx_word' id='word_1_584' title='bbox 969 4760 1024 4829; x_wconf 88' lang='lat' dir='ltr'>nis,</span> <span class='ocrx_word' id='word_1_585' title='bbox 1036 4768 1063 4815; x_wconf 89' lang='lat' dir='ltr'>et</span> <span class='ocrx_word' id='word_1_586' title='bbox 1081 4758 1222 4814; x_wconf 83' lang='lat' dir='ltr'>miraculis</span> <span class='ocrx_word' id='word_1_587' title='bbox 1245 4755 1450 4825; x_wconf 81' lang='lat' dir='ltr'>comprobetur.</span> <span class='ocrx_word' id='word_1_588' title='bbox 1463 4750 1518 4807; x_wconf 80' lang='lat' dir='ltr'>Nec</span> <span class='ocrx_word' id='word_1_589' title='bbox 1543 4750 1625 4806; x_wconf 84' lang='lat' dir='ltr'>etiem</span> <span class='ocrx_word' id='word_1_590' title='bbox 1643 4748 1760 4820; x_wconf 78' lang='lat' dir='ltr'>legimus</span> 
     </span>
     <span class='ocr_line' id='line_1_47' title="bbox 131 4838 1760 4926; baseline -0.012 -12"><span class='ocrx_word' id='word_1_591' title='bbox 131 4858 180 4924; x_wconf 80' lang='lat' dir='ltr'>tiu.</span> <span class='ocrx_word' id='word_1_592' title='bbox 196 4859 256 4913; x_wconf 88' lang='lat' dir='ltr'>sine</span> <span class='ocrx_word' id='word_1_593' title='bbox 269 4858 423 4913; x_wconf 84' lang='lat' dir='ltr'>litteratum</span> <span class='ocrx_word' id='word_1_594' title='bbox 434 4856 458 4889; x_wconf 80' lang='lat'>&#39;⁸</span> <span class='ocrx_word' id='word_1_595' title='bbox 481 4855 631 4926; x_wconf 83' lang='lat' dir='ltr'>praedicurc</span> <span class='ocrx_word' id='word_1_596' title='bbox 649 4864 836 4925; x_wconf 70' lang='lat' dir='ltr'>presumeret.</span> <span class='ocrx_word' id='word_1_597' title='bbox 853 4852 918 4909; x_wconf 87' lang='lat' dir='ltr'>Sine</span> <span class='ocrx_word' id='word_1_598' title='bbox 969 4854 1089 4923; x_wconf 80' lang='lat' dir='ltr'>aliquem</span> <span class='ocrx_word' id='word_1_599' title='bbox 1104 4858 1231 4906; x_wconf 82' lang='lat' dir='ltr'>sanctum</span> <span class='ocrx_word' id='word_1_600' title='bbox 1250 4848 1416 4919; x_wconf 69' lang='lat' dir='ltr'>predicasse</span> <span class='ocrx_word' id='word_1_601' title='bbox 1437 4844 1491 4899; x_wconf 88' lang='lat' dir='ltr'>nisi</span> <span class='ocrx_word' id='word_1_602' title='bbox 1508 4843 1635 4898; x_wconf 87' lang='lat' dir='ltr'>missum.</span> <span class='ocrx_word' id='word_1_603' title='bbox 1650 4838 1718 4894; x_wconf 80' lang='lat' dir='ltr'>Num</span> <span class='ocrx_word' id='word_1_604' title='bbox 1732 4847 1760 4894; x_wconf 91' lang='lat' dir='ltr'>et</span> 
     </span>
     <span class='ocr_line' id='line_1_48' title="bbox 129 4929 1759 5021; baseline -0.015 -14"><span class='ocrx_word' id='word_1_605' title='bbox 129 4951 238 5007; x_wconf 77' lang='lat' dir='ltr'>cutione</span> <span class='ocrx_word' id='word_1_606' title='bbox 262 4950 454 5021; x_wconf 83' lang='lat' dir='ltr'>philosophus,</span> <span class='ocrx_word' id='word_1_607' title='bbox 472 4949 539 5005; x_wconf 89' lang='lat' dir='ltr'>-sine</span> <span class='ocrx_word' id='word_1_608' title='bbox 560 4948 667 5004; x_wconf 84' lang='lat' dir='ltr'>risione</span> <span class='ocrx_word' id='word_1_609' title='bbox 691 4948 836 5019; x_wconf 86' lang='lat' dir='ltr'>propheto,</span> <span class='ocrx_word' id='word_1_610' title='bbox 858 4946 918 5002; x_wconf 89' lang='lat' dir='ltr'>sinc</span> <span class='ocrx_word' id='word_1_611' title='bbox 970 4945 1098 5001; x_wconf 81' lang='lat' dir='ltr'>Christus</span> <span class='ocrx_word' id='word_1_612' title='bbox 1122 4940 1229 4998; x_wconf 80' lang='lat' dir='ltr'>ePatro</span> <span class='ocrx_word' id='word_1_613' title='bbox 1251 4940 1353 4995; x_wconf 87' lang='lat' dir='ltr'>missus</span> <span class='ocrx_word' id='word_1_614' title='bbox 1364 4945 1416 5005; x_wconf 85' lang='lat' dir='ltr'>est,</span> <span class='ocrx_word' id='word_1_615' title='bbox 1431 4951 1481 4993; x_wconf 89' lang='lat' dir='ltr'>uec</span> <span class='ocrx_word' id='word_1_616' title='bbox 1503 4935 1577 4990; x_wconf 83' lang='lat' dir='ltr'>uenit</span> <span class='ocrx_word' id='word_1_617' title='bbox 1597 4932 1631 4988; x_wconf 85' lang='lat' dir='ltr'>ud</span> <span class='ocrx_word' id='word_1_618' title='bbox 1658 4929 1759 5001; x_wconf 76' lang='lat' dir='ltr'>predi-</span> 
     </span>
     <span class='ocr_line' id='line_1_49' title="bbox 130 5016 1759 5116; baseline -0.017 -13"><span class='ocrx_word' id='word_1_619' title='bbox 130 5047 262 5103; x_wconf 88' lang='lat' dir='ltr'>missione</span> <span class='ocrx_word' id='word_1_620' title='bbox 291 5045 444 5116; x_wconf 84' lang='lat' dir='ltr'>spostolus,</span> <span class='ocrx_word' id='word_1_621' title='bbox 460 5045 521 5101; x_wconf 88' lang='lat' dir='ltr'>sine</span> <span class='ocrx_word' id='word_1_622' title='bbox 533 5045 701 5100; x_wconf 83' lang='lat' dir='ltr'>instructore</span> <span class='ocrx_word' id='word_1_623' title='bbox 715 5044 738 5077; x_wconf 79' lang='lat'>&#39;⁷</span> <span class='ocrx_word' id='word_1_624' title='bbox 751 5044 917 5111; x_wconf 74' lang='lat' dir='ltr'>didascalus,</span> <span class='ocrx_word' id='word_1_625' title='bbox 934 5016 1089 5094; x_wconf 84' lang='lat' dir='ltr'>Dcundum</span> <span class='ocrx_word' id='word_1_626' title='bbox 1105 5034 1157 5090; x_wconf 88' lang='lat' dir='ltr'>nisi</span> <span class='ocrx_word' id='word_1_627' title='bbox 1187 5032 1337 5090; x_wconf 89' lang='lat' dir='ltr'>secundum</span> <span class='ocrx_word' id='word_1_628' title='bbox 1353 5028 1442 5085; x_wconf 82' lang='lat' dir='ltr'>Patris</span> <span class='ocrx_word' id='word_1_629' title='bbox 1466 5024 1677 5096; x_wconf 83' lang='lat' dir='ltr'>heneplacitum.</span> <span class='ocrx_word' id='word_1_630' title='bbox 1700 5019 1759 5075; x_wconf 87' lang='lat' dir='ltr'>lloo</span> 
     </span>
     <span class='ocr_line' id='line_1_50' title="bbox 130 5112 1758 5211; baseline -0.019 -14"><span class='ocrx_word' id='word_1_631' title='bbox 130 5141 211 5211; x_wconf 84' lang='lat' dir='ltr'>cnjus</span> <span class='ocrx_word' id='word_1_632' title='bbox 251 5140 391 5209; x_wconf 83' lang='lat' dir='ltr'>discipuli,</span> <span class='ocrx_word' id='word_1_633' title='bbox 421 5140 488 5201; x_wconf 89' lang='lat' dir='ltr'>imo,</span> <span class='ocrx_word' id='word_1_634' title='bbox 529 5137 687 5207; x_wconf 83' lang='lat' dir='ltr'>muscipuli,</span> <span class='ocrx_word' id='word_1_635' title='bbox 710 5152 759 5206; x_wconf 91' lang='lat' dir='ltr'>por</span> <span class='ocrx_word' id='word_1_636' title='bbox 792 5136 917 5192; x_wconf 85' lang='lat' dir='ltr'>dirersss</span> <span class='ocrx_word' id='word_1_637' title='bbox 971 5131 1043 5186; x_wconf 85' lang='lat' dir='ltr'>idem</span> <span class='ocrx_word' id='word_1_638' title='bbox 1056 5135 1131 5200; x_wconf 82' lang='lat' dir='ltr'>petet</span> <span class='ocrx_word' id='word_1_639' title='bbox 1142 5129 1170 5182; x_wconf 92' lang='lat' dir='ltr'>in</span> <span class='ocrx_word' id='word_1_640' title='bbox 1185 5125 1326 5211; x_wconf 82' lang='lat' dir='ltr'>prophetis</span> <span class='ocrx_word' id='word_1_641' title='bbox 1346 5134 1374 5178; x_wconf 88' lang='lat' dir='ltr'>ct</span> <span class='ocrx_word' id='word_1_642' title='bbox 1396 5121 1538 5193; x_wconf 78' lang='lat' dir='ltr'>apostolis,</span> <span class='ocrx_word' id='word_1_643' title='bbox 1554 5112 1758 5183; x_wconf 82' lang='lat' dir='ltr'>eorumqueri·</span> 
     </span>
     <span class='ocr_line' id='line_1_51' title="bbox 132 5203 1757 5302; baseline -0.018 -16"><span class='ocrx_word' id='word_1_644' title='bbox 132 5231 227 5287; x_wconf 87' lang='lat' dir='ltr'>mundi</span> <span class='ocrx_word' id='word_1_645' title='bbox 252 5239 357 5302; x_wconf 76' lang='lat' dir='ltr'>partes,</span> <span class='ocrx_word' id='word_1_646' title='bbox 384 5228 521 5299; x_wconf 90' lang='lat' dir='ltr'>simplices</span> <span class='ocrx_word' id='word_1_647' title='bbox 545 5229 799 5295; x_wconf 60' lang='lat' dir='ltr'>sedecennalem</span> <span class='ocrx_word' id='word_1_648' title='bbox 829 5241 912 5281; x_wconf 57' lang='lat' dir='ltr'>cuer*</span> <span class='ocrx_word' id='word_1_649' title='bbox 969 5223 1063 5283; x_wconf 80' lang='lat' dir='ltr'>curiis.</span> <span class='ocrx_word' id='word_1_650' title='bbox 1082 5219 1180 5279; x_wconf 82' lang='lat' dir='ltr'>ionem</span> <span class='ocrx_word' id='word_1_651' title='bbox 1195 5219 1205 5252; x_wconf 91' lang='lat'>¹</span> <span class='ocrx_word' id='word_1_652' title='bbox 1218 5235 1234 5276; x_wconf 83' lang='lat' dir='ltr'>e</span> <span class='ocrx_word' id='word_1_653' title='bbox 1248 5218 1304 5276; x_wconf 67' lang='lat' dir='ltr'>Deo</span> <span class='ocrx_word' id='word_1_654' title='bbox 1324 5219 1440 5276; x_wconf 87' lang='lat' dir='ltr'>missum</span> <span class='ocrx_word' id='word_1_655' title='bbox 1465 5212 1581 5284; x_wconf 74' lang='lat' dir='ltr'>legimus</span> <span class='ocrx_word' id='word_1_656' title='bbox 1594 5206 1670 5279; x_wconf 77' lang='lat' dir='ltr'>(lon.</span> <span class='ocrx_word' id='word_1_657' title='bbox 1685 5206 1706 5277; x_wconf 88' lang='lat' dir='ltr'>r)</span> <span class='ocrx_word' id='word_1_658' title='bbox 1723 5203 1757 5259; x_wconf 83' lang='lat' dir='ltr'>lit</span> 
     </span>
    </p>
   </div>
   <div class='ocr_carea' id='block_1_11' title="bbox 761 5358 1103 5418">
    <p class='ocr_par' dir='ltr' id='par_1_15' title="bbox 761 5358 1103 5418">
     <span class='ocr_line' id='line_1_52' title="bbox 761 5358 1103 5418; baseline -0.02 0"><span class='ocrx_word' id='word_1_659' title='bbox 761 5363 880 5418; x_wconf 80' lang='lat' dir='ltr'>vuulAE</span> <span class='ocrx_word' id='word_1_660' title='bbox 897 5358 1103 5417; x_wconf 66' lang='lat' dir='ltr'>Lectiones.</span> 
     </span>
    </p>
   </div>
   <div class='ocr_carea' id='block_1_12' title="bbox 130 5436 1754 5601">
    <p class='ocr_par' dir='ltr' id='par_1_16' title="bbox 130 5436 1754 5601">
     <span class='ocr_line' id='line_1_53' title="bbox 131 5436 1754 5529; baseline -0.014 -14"><span class='ocrx_word' id='word_1_661' title='bbox 131 5460 155 5493; x_wconf 73' lang='lat'>’¹</span> <span class='ocrx_word' id='word_1_662' title='bbox 170 5459 203 5515; x_wconf 89' lang='lat' dir='ltr'>ln</span> <span class='ocrx_word' id='word_1_663' title='bbox 221 5461 349 5529; x_wconf 78' lang='lat' dir='ltr'>impresso</span> <span class='ocrx_word' id='word_1_664' title='bbox 365 5457 486 5521; x_wconf 80' lang='lat' dir='ltr'>trudetur,</span> <span class='ocrx_word' id='word_1_665' title='bbox 499 5459 558 5514; x_wconf 86' lang='lat' dir='ltr'>sine</span> <span class='ocrx_word' id='word_1_666' title='bbox 573 5455 753 5521; x_wconf 83' lang='lat' dir='ltr'>conscientie,</span> <span class='ocrx_word' id='word_1_667' title='bbox 770 5457 829 5512; x_wconf 88' lang='lat' dir='ltr'>sine</span> <span class='ocrx_word' id='word_1_668' title='bbox 849 5455 948 5510; x_wconf 83' lang='lat' dir='ltr'>linem.</span> <span class='ocrx_word' id='word_1_669' title='bbox 986 5453 1010 5486; x_wconf 73' lang='lat'>‘⁷</span> <span class='ocrx_word' id='word_1_670' title='bbox 1030 5451 1063 5508; x_wconf 83' lang='lat' dir='ltr'>lu</span> <span class='ocrx_word' id='word_1_671' title='bbox 1088 5451 1227 5520; x_wconf 79' lang='lat' dir='ltr'>impresso,</span> <span class='ocrx_word' id='word_1_672' title='bbox 1243 5445 1437 5505; x_wconf 89' lang='lat' dir='ltr'>instructione.</span> <span class='ocrx_word' id='word_1_673' title='bbox 1476 5439 1500 5473; x_wconf 77' lang='lat'>&#39;⁸</span> <span class='ocrx_word' id='word_1_674' title='bbox 1528 5436 1562 5523; x_wconf 73' lang='lat' dir='ltr'>ln</span> <span class='ocrx_word' id='word_1_675' title='bbox 1583 5439 1754 5507; x_wconf 67' lang='lat' dir='ltr'>inpressos</span> 
     </span>
     <span class='ocr_line' id='line_1_54' title="bbox 130 5503 1753 5601; baseline -0.016 -17"><span class='ocrx_word' id='word_1_676' title='bbox 130 5530 330 5587; x_wconf 82' lang='lat' dir='ltr'>uiuseducunt.</span> <span class='ocrx_word' id='word_1_677' title='bbox 370 5529 393 5562; x_wconf 78' lang='lat'>⁹⁸</span> <span class='ocrx_word' id='word_1_678' title='bbox 414 5526 764 5601; x_wconf 69' lang='lat' dir='ltr'>Sistienturrcntrequnm</span> <span class='ocrx_word' id='word_1_679' title='bbox 778 5534 879 5582; x_wconf 86' lang='lat' dir='ltr'>mente.</span> <span class='ocrx_word' id='word_1_680' title='bbox 918 5522 1140 5591; x_wconf 80' lang='lat' dir='ltr'>¹⁰⁰lnimpresso</span> <span class='ocrx_word' id='word_1_681' title='bbox 1173 5521 1256 5585; x_wconf 61' lang='lat' dir='ltr'>imilla</span> <span class='ocrx_word' id='word_1_682' title='bbox 1274 5515 1435 5589; x_wconf 81' lang='lat' dir='ltr'>precinere.</span> <span class='ocrx_word' id='word_1_683' title='bbox 1456 5510 1464 5544; x_wconf 83' lang='lat'>¹</span> <span class='ocrx_word' id='word_1_684' title='bbox 1485 5508 1660 5581; x_wconf 77' lang='lat' dir='ltr'>lurnrprecco</span> <span class='ocrx_word' id='word_1_685' title='bbox 1682 5503 1753 5560; x_wconf 83' lang='grc' dir='ltr'>ιιιιιιι</span> 
     </span>
    </p>
   </div>
   <div class='ocr_carea' id='block_1_13' title="bbox 60 5597 540 5662">
    <p class='ocr_par' dir='ltr' id='par_1_17' title="bbox 60 5597 540 5662">
     <span class='ocr_line' id='line_1_55' title="bbox 60 5597 540 5662; baseline -0.006 -6"><span class='ocrx_word' id='word_1_686' title='bbox 60 5599 68 5612; x_wconf 85' lang='grc'><strong>”</strong></span> <span class='ocrx_word' id='word_1_687' title='bbox 132 5616 177 5655; x_wconf 86' lang='lat' dir='ltr'>oro</span> <span class='ocrx_word' id='word_1_688' title='bbox 192 5599 271 5662; x_wconf 79' lang='lat' dir='ltr'>loire.</span> <span class='ocrx_word' id='word_1_689' title='bbox 286 5600 397 5653; x_wconf 82' lang='lat' dir='ltr'>trudetur</span> <span class='ocrx_word' id='word_1_690' title='bbox 412 5597 540 5653; x_wconf 80' lang='lat' dir='ltr'>lotnnes.</span> 
     </span>
    </p>
   </div>
   <div class='ocr_carea' id='block_1_14' title="bbox 0 0 2000 6039">
    <p class='ocr_par' dir='ltr' id='par_1_18' title="bbox 0 0 2000 6039">
     <span class='ocr_line' id='line_1_56' title="bbox 0 0 2000 6039; baseline 0 0"><span class='ocrx_word' id='word_1_691' title='bbox 0 0 2000 6039; x_wconf 95' lang='lat' dir='ltr'> </span> 
     </span>
    </p>
   </div>
  </div>
 </body>
</html>
