3992 6042
226 193 279 251 511

227 310 267 364 De
281 322 311 364 se
324 307 459 378 producat
472 307 595 363 abscisso
611 306 665 361 flue
680 306 824 363 minorem.

228 395 317 466 liujus
330 397 434 452 tirones
452 411 502 451 eur
514 396 582 451 artis
595 393 721 465 eleufuga
737 404 832 461 terret,

227 491 317 560 Atque
332 491 408 560 prius
422 489 494 558 cogit
507 488 568 542 ilios
578 488 664 553 exire,
681 486 846 558 profundum

228 581 316 648 Quam
330 580 407 635 littus
423 579 549 646 subeant,
565 579 675 649 labique
695 594 778 649 quam
801 579 829 633 in
855 588 914 634 arte
935 580 1014 634 labo·

857 669 930 742 [rent
944 672 976 716 ⁸⁸·

161 794 164 797 ·
227 758 287 825 Qua
302 758 419 815 rationis
431 774 483 830 ope
496 759 548 815 sibi
564 759 653 814 forma
668 761 802 832 triangula
818 760 936 817 formam

228 850 357 921 Repperit
370 853 503 923 aequalem
514 869 522 918 ;
537 868 587 907 cur
602 853 673 906 linea
685 853 809 921 partibus
822 853 909 923 aequis

228 943 379 1011 Scinditur,
395 955 443 999 aut
454 944 538 1000 simili
561 945 741 1015 distinguitur
756 946 953 1015 angulusartc,

226 1035 313 1107 inque
322 1037 392 1092 duos
405 1051 490 1091 unum
503 1036 604 1092 divisio
622 1037 720 1093 dividit
734 1053 800 1095 una.

519 1172 634 1229 CAPUT
665 1174 719 1230 vit.

363 1287 514 1344 Geomerria
527 1297 613 1342 rotam
628 1292 734 1344 tertiam
749 1289 875 1360 fabricat.

226 1399 283 1457 flac
297 1402 380 1472 igitur
392 1412 466 1459 veste
478 1402 555 1474 virgo
569 1405 647 1469 nitet,
659 1406 715 1460 imo
726 1406 821 1476 virago

225 1490 335 1547 Glossat
347 1493 374 1548 in
389 1495 448 1549 itate
463 1506 592 1561 mentem,
608 1498 691 1569 uirgae
705 1499 774 1554 dans
788 1500 854 1566 otia,
871 1498 977 1555 fabrunr

226 1582 327 1649 induit,
339 1593 366 1639 et
380 1602 503 1656 sparsam
522 1600 642 1645 mentem
654 1591 793 1661 componit
806 1591 833 1645 in
850 1608 945 1648 utrum.

226 1677 326 1743 flente,
343 1697 437 1748 manu,
452 1684 561 1752 studiis,
576 1685 688 1753 inuadit,
705 1688 818 1761 corrigit
831 1689 919 1759 ipsam

225 1768 367 1826 blateriam
378 1774 492 1844 plumbi,
511 1791 593 1845 quam
610 1777 707 1832 crebro
719 1777 835 1834 malleus
854 1786 940 1848 urget.

863 190 963 248 abacti
984 189 1185 247 misissetis

1027 304 1200 377 stnprtmn
1217 303 1251 359 ad
1271 302 1402 373 placitum
1427 301 1556 370 formam,
1578 310 1656 360 actm
1675 305 1742 370 exit,
1765 316 1793 361 et
1809 306 1859 363 ia-

1798 192 1857 249 521)

1727 394 1819 468 [treus

1063 487 1163 542 Forma
1179 502 1274 543 reeens
1289 486 1393 556 plumbi
1407 494 1513 542 veteres
1527 494 1640 542 excusat
1655 487 1769 544 abusus.

1064 577 1189 635 Nascitur
1207 596 1239 634 ex
1253 579 1366 650 plumbo
1380 588 1440 635 rota
1455 580 1545 643 tertia,
1560 588 1623 634 nata
1642 580 1748 649 priores

1066 670 1176 736 Reddit,
1190 678 1218 723 et
1234 670 1262 724 in
1277 668 1353 724 vultu
1369 666 1485 722 formam
1501 669 1576 737 capit
1591 669 1638 724 iila
1650 670 1784 739 priorum.

1064 760 1122 816 illie
1132 760 1253 816 artifices
1266 760 1379 829 pictoris
1391 760 1481 814 littera
1495 760 1604 815 elamat.

1064 853 1117 920 Qui
1134 869 1227 908 rerum
1238 859 1353 918 tractus,
1368 866 1525 916 mensuras,
1540 851 1672 921 pondera,
1692 853 1771 919 dues,

1064 944 1164 998 limite
1179 943 1231 998 sub
1243 954 1320 999 certo
1335 942 1494 999 claudentes
1508 958 1583 1007 aera,
1596 942 1709 1006 culum,

1064 1036 1157 1102 Astra,
1171 1033 1283 1102 fretum,
1298 1043 1396 1099 terras,
1413 1033 1496 1088 simili
1517 1033 1622 1088 ratione
1636 1041 1758 1089 tuentur.

1064 1127 1115 1184 Hie
1129 1139 1266 1199 geometra
1280 1143 1378 1197 tagum
1395 1128 1455 1182 sine
1470 1136 1546 1181 motu
1563 1126 1684 1196 praeterit
1702 1126 1798 1181 orbem

1064 1219 1138 1274 Aer-ii
1154 1228 1269 1285 tractus,
1285 1219 1345 1273 siue
1362 1218 1460 1287 pennis
1475 1218 1626 1273 transvolat
1637 1232 1742 1287 aeqoor,

1064 1309 1167 1366 Oceani
1182 1294 1300 1381 spatium
1313 1311 1374 1366 sine
1387 1308 1489 1381 remige
1503 1310 1612 1376 transit,
1629 1311 1656 1364 in
1674 1319 1749 1365 astra

1064 1403 1177 1474 Absque
1189 1403 1274 1474 gradu
1283 1403 1417 1473 graditur,
1434 1404 1493 1459 siue
1505 1411 1592 1458 tractu
1604 1402 1691 1472 tarrgit
1699 1402 1854 1473 olympam.

1064 1497 1093 1551 lu
1114 1497 1214 1551 seriem
1232 1505 1366 1565 precepta
1383 1495 1484 1567 ligans,
1497 1503 1639 1565 artemque
1655 1504 1782 1550 retexens

1064 1588 1211 1661 Eucigdes,
1226 1596 1318 1657 pat-tes
1333 1587 1401 1641 artis
1416 1586 1489 1642 locat
1502 1586 1599 1640 ordine
1609 1586 1702 1656 Justo;

1065 1680 1140 1746 Quas
1153 1679 1236 1734 veluti
1251 1678 1370 1748 quodam
1386 1678 1503 1732 rationis
1518 1676 1583 1730 fune
1596 1676 1695 1745 ligatas

1068 1773 1168 1838 Nectit,
1183 1783 1214 1827 ut
1228 1788 1261 1827 ex
1277 1787 1331 1826 uua
1346 1769 1466 1839 reliquas
1478 1770 1553 1825 exire
1567 1778 1689 1838 putares.

233 1901 1842 1939 -·-—-——-——-———-——-—--—--—-...

719 2067 801 2142 asc
839 2056 1023 2152 ursan
1058 2059 1357 2168 cunutus

471 2378 587 2436 CAPUT
611 2382 759 2440 natabit.

226 2489 397 2546 Astronomin
414 2493 486 2561 uirgo
498 2493 605 2547 ultima.
623 2497 801 2551 astronomiae
818 2497 904 2551 euitat
921 2507 946 2552 et
964 2498 1015 2551 fro-

262 2562 344 2616 bitrtt.
363 2560 428 2686 Κέω
449 2563 566 2631 dipttitat
580 2574 605 2618 ct
622 2582 677 2619 aas.
699 2565 872 2620 Planetorum
887 2567 973 2632 orbes,
988 2578 1014 2622 et

263 2642 360 2686 motam.
403 2641 475 2686 otum
488 2643 611 2703 quartam
619 2634 733 2704 fabricat
745 2637 927 2693 detractantis.
944 2635 1014 2693 Con·

262 2701 360 2758 cordiae
373 2716 462 2773 partes
478 2719 571 2758 curras
589 2703 707 2775 dispertit
720 2716 746 2759 et
761 2707 829 2762 uruit.

227 2830 329 2889 Ultima
340 2832 517 2902 subsequitur
530 2834 618 2905 virgo,
633 2850 694 2906 quae
705 2836 792 2905 prima
805 2836 914 2907 decore,

226 2921 310 2979 Cultu
326 2924 426 2994 prima,
441 2925 511 2995 gerit
524 2926 641 2995 primam
655 2927 708 2982 sub
722 2937 831 2997 pectore
848 2937 967 2985 mentem

227 3012 292 3070 Non
304 3015 412 3081 morbo,
431 3031 486 3071 uon
502 3016 624 3081 tristitia,
642 3032 697 3072 uon
717 3027 807 3073 mente
818 3018 949 3089 magistra

228 3106 381 3177 Degenerat
392 3116 474 3177 caput
484 3109 512 3163 iu
525 3118 644 3175 tercam;
656 3111 704 3164 sed
717 3109 808 3165 uultus
820 3110 847 3165 in
861 3111 944 3168 astris

227 3197 328 3261 iteret.
342 3210 370 3255 et
384 3216 515 3256 arcanum
537 3201 599 3256 cccli
614 3215 767 3272 causasque
780 3200 892 3273 fugaces

227 3290 348 3348 Venator
362 3293 449 3359 uisus,
465 3294 621 3365 mentisque
632 3295 816 3364 praeambulus
832 3295 871 3349 iiii

227 3382 350 3451 Nuntiat,
366 3395 393 3441 et
408 3387 507 3443 crebro
527 3396 647 3443 mentem
662 3387 743 3442 docet
756 3389 861 3443 assecta
876 3388 985 3442 mentis.

229 3472 276 3530 Ori
292 3476 384 3546 fulgor
400 3477 488 3541 adest,
501 3478 548 3545 qui
565 3485 643 3531 tauto
657 3476 766 3547 fulgure
782 3488 907 3533 nostrum

228 3566 363 3623 Verberat
374 3568 517 3631 intuitum,
534 3567 599 3621 dum
613 3567 690 3629 risus
704 3566 795 3637 fulgur
809 3570 932 3627 adultum

228 3657 368 3725 lievitaus,
383 3659 456 3713 octrli
474 3658 581 3714 tunicas
593 3660 670 3714 exire
682 3669 801 3727 veretur,

227 3747 323 3819 impiet
344 3749 451 3821 sphaera
471 3767 583 3808 manum
599 3771 608 3813 :
623 3757 729 3826 spherae
743 3764 835 3812 tamen
849 3756 947 3813 utultra
971 3758 1015 3812 ui·

907 3849 980 3923 [deri

1066 2384 1186 2441 bscessu
1199 2385 1311 2456 duplici,
1322 2370 1460 2456 castigaus
1472 2384 1573 2455 frigore
1580 2384 1728 2442 flammam.

1065 2477 1122 2532 Cur
1135 2478 1295 2535 decurtatus
1307 2476 1453 2533 concludat
1465 2487 1614 2548 utromque
1627 2477 1752 2533 colurum

1065 2568 1204 2632 Circulos,
1222 2580 1250 2624 ct
1270 2578 1367 2625 neuter
1380 2569 1415 2624 ad
1430 2576 1530 2640 puncta
1548 2568 1640 2638 priora
1662 2569 1751 2623 redire

1027 2643 1048 2701 C
1064 2659 1166 2727 Possit,
1182 2661 1230 2717 sed
1245 2676 1345 2717 nomen
1358 2661 1493 2717 abscissio
1508 2661 1592 2717 donet
1612 2661 1733 2732 utrique.

1065 2752 1123 2809 Cur
1132 2754 1244 2825 obliqua
1256 2769 1352 2810 means
1363 2754 1461 2810 declivi
1473 2754 1561 2809 limite
1577 2754 1659 2810 dueta

1066 2845 1151 2901 linea
1162 2845 1285 2917 signiferi
1299 2847 1425 2903 duodeno
1439 2846 1528 2901 sidere
1542 2844 1641 2900 omium

1065 2936 1174 3012 Piugat,
1189 2947 1216 2994 et
1233 2938 1384 3008 itospitium
1397 2936 1543 3007 peregrino
1556 2946 1634 3007 grata
1649 2935 1765 3005 planeta

1067 3029 1165 3097 bonet,
1180 3041 1207 3086 et
1220 3031 1306 3101 ipsius
1320 3030 1461 3101 proprium
1475 3030 1661 3084 communicet
1675 3028 1726 3083 ilii.

1066 3122 1125 3190 Qua
1139 3132 1246 3180 ratione
1261 3131 1353 3178 mearat
1368 3123 1464 3189 stelle,
1476 3137 1531 3191 qua
1548 3121 1608 3192 lege
1620 3121 1730 3190 planeta

1067 3215 1207 3273 liireetum
1222 3217 1335 3273 metitur
1347 3218 1408 3281 iter,
1426 3231 1481 3287 qua
1493 3216 1551 3286 iege
1562 3224 1712 3271 retrorsum

1066 3308 1191 3377 Aufugit,
1203 3316 1252 3363 aut
1266 3316 1339 3363 certa
1355 3309 1426 3363 fixus
1447 3307 1565 3362 statione
1579 3316 1715 3362 moratur.
1766 3326 1771 3333 ·

1067 3399 1126 3466 Qua
1140 3399 1249 3454 ratione
1260 3407 1353 3455 meant
1373 3399 1486 3470 obliquo
1500 3400 1577 3470 signa
1591 3407 1694 3463 meatu,

1066 3489 1124 3546 Cur
1136 3489 1244 3559 siguum
1256 3489 1384 3561 proprios
1396 3489 1527 3543 directius
1541 3488 1598 3541 exit
1612 3487 1639 3540 iu
1659 3494 1748 3551 ortus,

1066 3579 1199 3651 Opposito
1214 3594 1328 3635 sumens
1342 3578 1473 3634 nascendi
1489 3586 1624 3646 tempora,
1640 3584 1748 3643 tempus

1066 3670 1159 3727 Perdit
1170 3673 1196 3725 in
1212 3685 1311 3726 occasu
1329 3670 1403 3740 quod
1423 3668 1483 3738 plut
1505 3665 1634 3737 expendit
1647 3666 1675 3718 in
1694 3673 1768 3733 ogtu.

1067 3762 1135 3831 Quis
1148 3763 1220 3818 lunae
1233 3772 1335 3827 motus,
1348 3776 1410 3831 quae
1422 3759 1490 3814 solis
1504 3759 1621 3829 sphaera,
1640 3756 1702 3827 quis
1720 3754 1794 3809 orbis

1066 3855 1147 3928 357
1158 3853 1296 3919 Mercurii,
1312 3850 1497 3920 Venerisque
1510 3846 1738 3917 semitaqnaenia
1748 3842 1851 3908 blattis,

228 3931 292 3990 ilaec
306 3936 406 3993 meiius
424 3945 528 4006 posset,
542 3954 603 4007 quae
618 3935 703 3995 solam
723 3942 840 4012 suscipit
854 3943 992 4010 umbram,
1030 3948 1134 4038 DQuae
1148 3963 1226 4003 mora
1243 3945 1392 4000 Saturnum
1405 3942 1517 4008 retinet,
1532 3955 1588 4011 quo
1600 3938 1687 3994 limite
1697 3935 1783 3992 currit

228 4026 252 4061 ⁸’
267 4025 320 4083 Sed
333 4028 406 4099 jacet
421 4029 448 4084 iu
466 4030 552 4100 piano
574 4031 651 4087 nullo
669 4043 794 4103 promota
806 4042 923 4091 tumore.

229 4119 320 4179 Vestis
333 4124 483 4180 inardescit
498 4126 624 4195 gemmis,
636 4141 759 4196 auroque
772 4126 896 4196 superbit

228 4210 263 4267 Et
277 4213 422 4284 spieudore
437 4228 488 4269 suo
506 4215 601 4271 stellas
619 4231 728 4285 aequare
745 4217 864 4273 unietur.

230 4301 280 4360 llic
292 4304 374 4374 riget,
387 4305 433 4361 irio
447 4306 580 4377 loquitur,
597 4307 643 4363 bie
654 4308 776 4376 instruit,
796 4308 843 4364 hic
856 4308 947 4374 docet,
961 4309 1017 4365 imo

231 4392 282 4450 liat
292 4405 425 4466 praecepta
441 4397 502 4453 suis
514 4399 628 4468 picturae
641 4397 704 4453 dote
714 4396 840 4465 facultas,

230 4483 298 4552 Quae
309 4485 389 4543 docet
406 4498 543 4543 astrorum
559 4489 643 4558 leges,
657 4488 728 4553 loca,
746 4499 881 4560 tempora,
894 4499 997 4557 motus,

231 4574 326 4647 Signa,
338 4586 496 4647 potestates,
510 4580 664 4649 discursus,
681 4583 804 4649 stamina,
817 4599 926 4639 causas.

231 4666 282 4723 llic
296 4669 395 4740 legitur
409 4687 470 4741 qum
483 4672 520 4726 sit
537 4673 657 4729 eoelestis
671 4675 789 4744 sphaera,
805 4676 869 4746 quis
886 4675 946 4730 axis

231 4757 260 4814 in
276 4772 368 4831 partes
383 4764 517 4833 sphaeram
539 4766 699 4837 distinguat,
716 4768 779 4838 quis
792 4769 870 4839 polus
885 4785 963 4825 atem

231 4847 380 4917 Terminet,
396 4861 443 4907 aut
454 4869 563 4908 sursum
580 4857 695 4912 tendens
709 4868 755 4913 aut
769 4875 876 4914 mersus
890 4860 917 4914 in
931 4861 998 4917 imo.

200 4954 203 4960 ‘
230 4940 288 4999 mr
305 4944 399 4999 muudi
412 4944 448 5001 sit
462 4943 549 5002 forma
564 4956 644 5015 teres,
658 4950 831 5020 mundusque
841 4951 941 5023 ligetur

231 5032 359 5106 Quinque
368 5037 505 5107 parallelis
517 5038 636 5103 cinctus,
652 5041 765 5096 zortiste
781 5042 946 5112 quibusdam

233 5123 341 5193 Sectus,
355 5128 382 5182 in
396 5129 526 5185 extremis
537 5130 637 5200 uigeat,
647 5132 738 5187 medio
753 5141 832 5189 tenus
846 5138 922 5190 testu

233 5212 359 5284 Torreat,
378 5230 461 5289 atque
475 5220 544 5275 duas
556 5221 681 5277 laterales
697 5230 837 5292 temperet,
853 5225 951 5279 irarum

1070 4045 1153 4101 Stella
1169 4042 1255 4108 lovis,
1273 4048 1420 4110 motusque
1431 4053 1516 4108 vagos
1536 4035 1600 4106 quis
1615 4032 1736 4089 circulus
1753 4035 1850 4099 aequat.

1066 4136 1135 4203 Quis
1150 4149 1260 4190 sursum
1277 4130 1392 4187 teudeus
1404 4142 1513 4200 egressa
1525 4123 1639 4195 cuspide
1654 4131 1756 4177 terram

1067 4228 1140 4293 Exit,
1156 4234 1183 4281 et
1199 4227 1225 4281 in
1242 4234 1315 4280 terra
1332 4223 1421 4278 nescit
1432 4220 1551 4292 deligere
1565 4228 1698 4274 centrum.

1067 4319 1138 4391 Ergo
1151 4317 1239 4388 puella
1255 4329 1351 4386 gerens
1365 4313 1433 4369 tanti
1447 4311 1579 4368 solemnia
1594 4308 1686 4364 cultus

1066 4412 1127 4466 Nun
1139 4409 1262 4464 atriorum
1275 4407 1382 4476 sepelit,
1397 4421 1447 4460 nec
1462 4405 1539 4474 pigra
1551 4416 1598 4471 per
1610 4397 1666 4452 otia
1680 4408 1742 4451 sese

1070 4502 1210 4566 bistrabit,
1222 4509 1270 4556 aut
1283 4498 1367 4553 animi
1379 4498 1451 4552 uires
1461 4494 1608 4555 effeminat,
1622 4491 1679 4544 itno

1068 4588 1183 4644 Exercet
1201 4587 1299 4643 studiis
1318 4596 1402 4641 totam
1418 4599 1480 4640 cum
1494 4596 1607 4651 corpore
1619 4586 1749 4640 mentem,

1068 4679 1130 4734 Erit
1144 4679 1252 4749 spbaera
1270 4692 1393 4744 manum,
1409 4675 1540 4745 quoniam
1556 4686 1655 4726 uranus
1669 4670 1729 4738 ipsa
1743 4670 1851 4720 uocatur

1067 4773 1109 4827 ad
1123 4789 1205 4839 treta,
1223 4787 1285 4842 qum
1299 4770 1404 4827 cudens
1418 4766 1489 4822 fabri
1501 4766 1553 4821 sibi
1569 4763 1696 4819 vendicat
1707 4772 1805 4816 artent.

1069 4863 1140 4919 lium
1156 4878 1255 4918 manus
1268 4862 1380 4917 excudit
1391 4875 1501 4924 aurum,
1514 4869 1690 4924 massamque
1702 4852 1810 4922 figurat,

1070 4954 1198 5011 Nascitur
1209 4969 1244 5008 ex
1259 4967 1327 5007 auro
1343 4960 1403 5007 rota
1415 4958 1523 5021 quarta,
1535 4946 1644 5003 decoris
1656 4945 1760 4998 horrore

1070 5045 1134 5101 ilaee
1147 5042 1263 5099 comites
1273 5043 1388 5098 uincens
1404 5041 1510 5111 primas
1525 5038 1590 5094 facit
1605 5051 1666 5092 esse
1679 5032 1825 5090 secundas.

1069 5136 1110 5192 lili
1123 5136 1266 5206 scripturae
1278 5132 1363 5189 facies
1375 5132 1527 5202 applaudit,
1543 5139 1571 5185 et
1585 5129 1648 5185 illos

1069 5227 1181 5299 Colligit
1197 5227 1352 5297 inscripto,
1369 5228 1417 5298 qui
1435 5225 1509 5283 ducti
1525 5223 1628 5294 remige
1641 5217 1742 5277 mentis

870 5332 986 5391 leliAE
1006 5336 1210 5393 sactiones,

234 5415 259 5455 ⁸⁸
274 5416 327 5474 tte.
344 5429 484 5493 atramque
497 5425 566 5480 frenc
579 5441 681 5480 cereum
692 5426 733 5478 ita
745 5426 806 5495 legit
819 5443 830 5479 .·

543 5494 631 5562 Quam
648 5496 774 5559 subeant,
790 5496 899 5565 labique
910 5497 987 5565 prius
1008 5508 1092 5566 quam
1112 5495 1139 5550 iu
1160 5502 1220 5550 arte
1235 5494 1369 5550 laborent.

236 5554 260 5590 ⁸’
281 5554 427 5632 utramque
437 5580 486 5621 att.
502 5567 571 5621 bunc
586 5566 720 5620 interserit
732 5581 858 5619 uersam:

533 5634 589 5691 Nec
602 5636 744 5706 proprium
758 5638 865 5707 spirerar
879 5635 1012 5704 retinens,
1032 5636 1091 5693 baec
1110 5635 1199 5707 surgit
1216 5635 1244 5691 iu
1262 5635 1360 5692 altum.
