3992 6042
89 257 126 316 rc
625 239 885 301 rancacoaraaa
904 235 995 294 eurr.
1013 211 1203 290 aurorae?
1685 211 1726 283 'to

94 368 1724 420 -—............---------—-·-—-·

591 523 842 590 saacrlsstass
865 520 1009 585 PATRIS
1030 514 1234 580 unaarum

336 678 646 758 Quingeutesrmum
664 672 819 754 Jubitaris
839 670 1093 752 gloriabundum
1115 665 1202 727 inter
1221 661 1344 726 coelites
1360 659 1486 741 agentis

700 792 948 875 sapientissimo
963 786 1119 853 confratri

114 928 163 990 Ex
180 941 247 989 una
261 929 363 988 matre
379 920 590 1007 (monasterio
605 927 637 984 et
651 920 765 984 ordine
788 913 1009 995 cisterciensi)
1026 908 1209 993 progenito,
1233 905 1384 973 melliflui
1412 903 1555 985 Spiritus
1576 899 1696 967 heredi

519 1066 658 1135 ALlNO
678 1066 824 1131 Madau
845 1062 1026 1128 noctua}
1047 1056 1304 1122 UNlVthSALl.

96 1215 176 1272 Anac
190 1214 426 1302 lustro-arecalco,
442 1215 523 1297 adest
534 1231 551 1269 α
564 1225 648 1298 nterea
661 1212 696 1268 B.
712 1212 844 1294 bernardi
856 1210 1064 1294 quiupenteeimo
1078 1207 1193 1290 petitori
1208 1205 1237 1260 in
1258 1202 1348 1258 orbem
1362 1217 1377 1256 a
1392 1196 1627 1329 typissprodeuatir
1643 1192 1731 1267 {diei-

134 1293 334 1359 eutrapetus,
350 1287 451 1352 studio,
466 1285 611 1349 raecum,
623 1283 713 1339 labere
724 1282 776 1338 lter
789 1299 820 1336 oe
833 1282 1009 1337 crudeliorum
1024 1278 1127 1334 decerni
1138 1276 1173 1333 lt.
1188 1274 1281 1333 Caroli
1293 1273 1326 1329 de
1339 1269 1444 1339 Wrsca,
1484 1313 1492 1328 .
1511 1270 1651 1341 theotecto
1669 1279 1731 1338 pro·

134 1357 257 1428 sessoria
266 1357 423 1414 monaterii
437 1355 570 1412 Drtneuris
582 1353 734 1426 dipnirrr'mi
745 1352 845 1424 prioris

1739 576 1746 619 t

711 1509 749 1570 lt.
765 1504 945 1572 Balduinus
964 1503 1128 1569 Wrancar

421 1637 575 1719 EJ'usdem
590 1635 782 1705 monasterii
796 1631 984 1696 Reliriosus
998 1646 1036 1695 ae
1055 1627 1206 1695 sacerdos
1220 1628 1399 1694 recinebat.

981 1867 1041 1927 Quis
1051 1865 1112 1918 milri
1124 1866 1169 1918 det
1179 1871 1205 1920 te
1217 1863 1316 1915 tratrem
1329 1865 1462 1927 sugentem
1475 1857 1551 1912 ubera

958 1930 1125 1979 nratrlsrneae.
1298 1927 1359 1977 cent
1377 1923 1443 1975 vlu.

898 2062 933 2074 —

463 2194 571 2263 Quanta
588 2189 766 2264 triumphalis
776 2188 825 2245 dat
838 2186 1089 2260 quinquagesimus
1103 2197 1194 2241 anana

499 2264 620 2321 Gaudia!
637 2271 740 2336 quanta
752 2261 817 2333 polo
824 2258 913 2332 jubila
928 2259 1036 2315 nardus
1047 2256 1121 2328 agitt

462 2336 558 2391 Annos
572 2336 596 2391 si
611 2348 752 2398 numeres,
767 2344 926 2394 numerum,
940 2325 1092 2393 bernarde,
1106 2322 1225 2392 notabis,

500 2404 586 2474 Queis
596 2405 705 2461 defessa
721 2402 792 2466 sole,
804 2415 883 2456 ruens
897 2407 946 2454 tua
959 2406 1038 2468 rapta
1049 2397 1115 2467 polo
1127 2401 1181 2450 est.

465 2476 519 2534 Sed
534 2476 599 2543 onia
614 2472 802 2544 conspicimus
813 2484 843 2525 se
858 2467 1040 2524 diffundentia
1055 2467 1155 2536 plausu

502 2546 610 2613 Sidere,
625 2560 675 2601 cnr
688 2544 803 2614 plausus
818 2546 946 2611 contegat
960 2538 1029 2594 ordo
1040 2537 1128 2594 sucat

463 2617 565 2676 lubilct
579 2615 647 2672 ordo
663 2629 752 2680 sacer,
769 2609 845 2667 Patri
859 2609 1008 2680 conjubilet
1020 2607 1097 2664 orbis

500 2688 542 2744 Sit
555 2702 615 2758 par,
632 2684 754 2753 oterolo,
771 2682 811 2738 sie
823 2691 851 2736 et
862 2680 889 2734 lu
904 2680 972 2736 orbe
988 2679 1085 2735 melos.

462 2758 606 2816 Prodeate
623 2755 700 2827 prelo
716 2750 828 2825 pietatis
841 2757 948 2806 ametor
961 2748 1080 2815 Alanus,

499 2829 632 2885 Fraterno
643 2835 674 2883 ut
691 2824 785 2881 fratris
797 2821 884 2893 iubila
897 2819 975 2876 tonte
984 2818 1082 2877 fluant.

464 2902 505 2956 lla
521 2899 657 2968 Fratrem,
673 2893 825 2960 Bernarde‚
842 2900 920 2947 tuum
936 2889 1097 2963 dignoscis?
1107 2901 1202 2946 amore

503 2971 562 3027 Una
575 2969 646 3025 duos
658 2968 733 3025 auxit
746 2965 832 3022 divite
841 2963 913 3019 laete
925 2975 1039 3032 parens.

466 3042 502 3100 Ut
517 3039 711 3098 distertiadum
726 3033 897 3110 primoribus
909 3040 988 3087 ortus
1002 3042 1118 3102 uterque
1128 3036 1181 3097 est,

502 3112 549 3170 Sic
561 3111 661 3169 domus
675 3123 742 3174 una,
762 3119 863 3177 parens
878 3116 933 3158 unc
956 3101 1067 3159 duobus
1079 3108 1147 3157 erat.

464 3186 540 3243 cons
560 3182 647 3238 'ceres
659 3180 777 3238 volitare
791 3173 851 3259 pari
864 3186 948 3242 super
960 3171 1063 3227 aetbera
1074 3184 1182 3243 gressu,

503 3198 647 3312 liezlibuos
660 3251 745 3317 dices,
759 3259 859 3317 curque
873 3243 989 3300 subesse
1002 3239 1091 3297 loros.

471 3326 540 3385 nam
554 3337 666 3396 sugens,
680 3320 778 3378 matris
786 3318 809 3373 si
821 3314 921 3387 pendet
933 3313 968 3370 ad
982 3312 1067 3369 ubera
1078 3308 1199 3379 Nudus,

503 3395 560 3454 Nec
577 3394 671 3452 minus
688 3393 747 3449 brec
762 3387 828 3446 felix
842 3384 928 3441 ubera
945 3383 1048 3440 Manus
1063 3381 1158 3437 babet.

472 3466 611 3526 Pendulus
625 3480 675 3523 ora
690 3468 782 3520 movet
795 3454 954 3512 Bernardus
969 3453 1004 3510 ad
1016 3453 1101 3510 ubero
1113 3451 1235 3518 dertrae;

500 3539 588 3597 Mane
602 3544 697 3593 nectar
709 3533 790 3589 dulce
803 3526 918 3585 sinistra
930 3525 1015 3582 dedit.

467 3610 549 3668 Suria
561 3620 677 3681 uterque
691 3603 751 3678 pari
763 3607 865 3666 tractu,
878 3603 1021 3654 saturatus
1035 3604 1171 3665 uterque:

507 3679 538 3737 Si
556 3688 704 3737 seturesse
754 3679 898 3740 teutonem
915 3666 1023 3723 satiarit
1037 3679 1127 3721 amor.

471 3751 551 3809 llella
569 3749 645 3806 dedit
656 3745 713 3801 Nar
732 3761 777 3811 us,
796 3738 845 3799 sed
863 3737 962 3793 mellea
977 3734 1187 3803 donatillauns

508 3821 604 3878 bleltea
618 3815 748 3875 mellifluo
765 3815 820 3870 hoc
832 3807 948 3880 promis,
963 3807 1061 3872 blane,
1075 3806 1157 3861 libro.

474 3893 575 3950 Desine
587 3902 662 3947 nune
679 3887 803 3950 tratrem,
819 3887 1021 3950 sugentemque
1036 3876 1122 3932 ubera
1132 3873 1230 3933 llatris

508 3960 647 4030 onerare,
658 3956 767 4014 Narde:
783 3951 832 4009 tibi
842 3948 928 4005 irater
936 3948 1043 4004 Alanus
1054 3947 1142 4003 adest.

391 4002 395 4009 ’
472 4032 568 4090 l’reter
584 4031 674 4098 adest,
683 4026 782 4084 matris
814 4021 860 4078 uia
871 4018 969 4075 dividit
983 4019 1068 4075 ubera
1081 4026 1183 4082 uuum,

507 4103 609 4171 Ubera,
620 4095 807 4173 quaegnatisu
846 4087 1066 4147 relactessuuut.

477 4173 558 4232 llune
570 4173 635 4231 dura
650 4167 778 4243 producit
788 4159 921 4220 bernardi
935 4159 970 4216 ad
981 4158 1071 4230 jubila
1083 4159 1206 4227 tratrem,

511 4244 627 4304 Carolus
638 4240 772 4299 boelibro
782 4232 869 4307 jubila
885 4230 955 4287 liber
971 4230 1038 4303 egit.

476 4319 586 4385 carole,
603 4321 705 4441 quanta
722 4309 772 4368 tibi
789 4304 901 4362 laudum
915 4310 1081 4384 arguuenta
1096 4298 1230 4358 tuaruml

510 4388 565 4447 Res
576 4387 616 4443 tib
629 4428 638 4455 ,
652 4383 717 4440 duna
731 4381 805 4436 alces
819 4376 898 4448 plene
912 4372 1023 4455 decern
1037 4373 1101 4429 erit.

476 4461 568 4519 Jubila
578 4452 711 4514 Beruardi
724 4449 869 4522 splendore
882 4443 1034 4525 voluminis
1048 4456 1151 4507 ornae,

512 4530 610 4586 Frater
619 4527 772 4582 bonoratur
784 4516 934 4590 posteriore
948 4529 1036 4584 pnor.

477 4604 561 4729 Ετῇο,
579 4594 719 4654 Bernardo
731 4592 843 4646 tratrem
859 4585 917 4650 dat,
930 4582 1059 4709 quispuis
1073 4582 1192 4641 bianum

539 4667 665 4729 reducit:
679 4662 770 4722 Caroli
783 4657 831 4716 sed
842 4656 920 4713 labor
930 4655 983 4711 ista
1009 4655 1058 4710 uit.

478 4749 532 4808 lete
549 4742 619 4800 liber
637 4736 691 4793 luit
708 4735 762 4791 iste
780 4729 870 4795 labor,
890 4724 961 4782 liber
977 4726 1032 4782 istc
1050 4724 1155 4782 laboris

517 4813 627 4875 Partus,
641 4821 694 4864 nee
703 4802 787 4861 vestri
802 4812 903 4871 parcus
917 4796 1033 4852 bonoria
1045 4798 1107 4852 erit.

481 4888 591 4953 cerole,
605 4883 635 4939 in
645 4878 734 4933 alane
745 4874 821 4929 vires
833 4875 896 4941 post
908 4868 963 4922 tata
975 4877 1130 4939 superstes,

513 4958 575 5015 Non
586 4951 685 5026 poterit
695 4945 829 5009 calamus,
842 4953 896 4995 non
911 4952 1011 4993 manus
1020 4938 1071 4993 ista
1081 4939 1162 4996 mori.

482 5032 603 5101 l'enrpus
615 5022 669 5080 erit
682 5017 777 5091 (tacita
790 5009 944 5069 meditabor
957 5017 1055 5065 eaeteru
1066 5010 1169 5081 meum)

515 5099 585 5158 Cum
598 5093 709 5151 dabitur
723 5083 834 5156 seriptis
847 5080 934 5154 gloria
946 5092 1055 5134 summa
1066 5079 1133 5135 tuis.

483 5171 537 5230 Sed
552 5170 641 5228 sileo:
658 5159 823 5227 laudemque
834 5166 917 5223 grave
931 5157 973 5205 est
989 5149 1086 5205 audire
1100 5151 1233 5208 modestis

516 5240 595 5298 llane
609 5234 656 5292 alii
668 5233 812 5303 spectent:
830 5225 873 5280 bis
889 5220 1026 5277 meruisse
1038 5227 1082 5277 sat
1091 5231 1145 5278 est.

123 5559 157 5623 ί.
174 5556 273 5621 beato
286 5547 464 5621 beruarltn
482 5543 556 5608 bac
575 5539 676 5606 alanl
695 5446 1101 5617 scriputauffizllxgbcolra
1121 5532 1154 5594 et
1167 5528 1260 5594 Itone
1276 5518 1524 5592 censebantur
1538 5508 1618 5597 (tt),

169 5674 231 5749 (rr)
250 5664 521 5735 unccccccnun,
532 5663 610 5724 raes.
