3992 6042
260 260 273 287 ''
294 288 347 349 ets
712 292 717 302 ’
927 290 1029 349 surm
1047 293 1093 350 on
1110 290 1246 351 tusutts
1338 332 1342 339 .
1850 293 1904 349 oto
1987 294 1988 303 ¹

293 418 400 480 patene
419 425 508 466 eures
523 398 585 465 cunr
608 405 711 482 pugillo
733 409 832 468 thuris.
852 408 957 467 Dicitur
978 410 1110 474 diuinuh
1129 421 1211 484 atquc
1236 410 1337 484 lntpios
1361 410 1437 482 justo
1460 410 1566 482 iudicio
1590 408 1721 467 Dominus
1742 408 1771 465 in
1793 408 1903 480 pulrcrc

292 502 424 572 potentis,
449 500 521 556 unde
550 498 637 556 isaias
660 497 718 554 :ln
739 499 838 571 pupillo
866 509 963 557 terrore
983 504 1069 574 persis.
1128 503 1283 570 abscondit,
1303 503 1368 574 quia
1380 516 1477 558 corum
1500 500 1582 558 corde
1598 501 1676 571 ipsis,
1690 515 1764 573 ouae,
1776 501 1903 571 despecto

327 589 432 661 Pupoo,
457 591 575 660 proprie,
597 591 679 647 etiarn
708 592 895 647 controversia
908 593 1067 660 teritorum,
1122 595 1260 654 Creatoris
1271 611 1375 664 amore,
1391 596 1506 667 eligunt,
1520 595 1639 667 opprimi
1656 595 1773 651 terrenis
1787 595 1902 666 repotiis

290 678 471 752 quondonon
486 679 548 751 jure
566 689 608 737 est
635 681 816 737 contradictio
831 697 893 752 quc
910 683 983 753 apud
1007 683 1071 739 rhe·
1120 690 1262 759 permittit.
1296 690 1402 747 Dicitur
1438 690 1528 761 caligo
1562 699 1679 746 terrem
1714 689 1899 760 cogitationis.

188 808 193 821 ·
290 781 376 827 lolem
407 770 559 827 mimmii
580 772 702 838 dicitur;
734 772 806 828 unde
826 773 974 843 AD⁰⁸¹01⁰⁸
998 774 1068 831 lii:
1119 781 1191 838 unde
1201 781 1385 839 Johtindutc
1401 790 1441 837 ett
1451 798 1580 837 ecrousen
1590 781 1729 852 putredine
1740 790 1766 835 et
1779 781 1899 837 sordidus

291 862 369 918 Nihil
378 866 474 932 sciens,
484 864 529 920 sed
541 862 667 936 inspuent
677 865 747 918 circo
758 863 949 934 questionerct
965 882 1068 939 popum
1117 872 1240 943 pulueris,
1264 873 1343 945 quasi
1358 872 1800 942 dicstzlJarnnlemuitamquam
1812 871 1898 942 pstior
1987 874 1988 889 ¹

288 953 435 1020 cohortem,
451 962 503 1009 etc.
1118 975 1165 1021 sut
1185 967 1262 1023 tshes
1282 965 1394 1022 luhricae
1411 963 1578 1036 operationis
1600 964 1719 1034 polluit,
1742 972 1791 1020 aut
1807 980 1842 1021 cr
1863 966 1901 1022 si·

323 1047 507 1111 Pulchritudo,
519 1047 638 1118 proprie.
657 1046 761 1104 Dicitur
773 1047 856 1104 decor
873 1049 1006 1105 virtutum
1019 1046 1068 1106 Eo·
1116 1055 1373 1123 tiorum'tnemoriar
1391 1055 1483 1129 caligo
1505 1053 1614 1111 miserto
1637 1056 1811 1126 cogitationis
1830 1071 1898 1129 prc-

286 1138 387 1202 clesiae,
404 1138 475 1194 unde
490 1155 498 1192 t
516 1137 691 1194 Pulchritudo
707 1141 765 1210 opri
780 1157 881 1195 mecum
895 1150 945 1197 est.
961 1139 1067 1197 Dicitur
1116 1148 1177 1204 mit,
1276 1203 1279 1207 ἵ

286 1230 494 1285 immutabilitas
504 1230 606 1297 divina,
619 1231 690 1288 unde
701 1232 868 1302 inpassionc
880 1232 967 1289 beate
977 1233 1067 1306 Agne-
1151 1239 1282 1313 Propere,
1308 1242 1426 1314 proprie.
1447 1241 1530 1300 lintut
1549 1244 1713 1315 trossfipere,
1737 1243 1808 1300 uude
1831 1260 1899 1316 prn-

286 1323 323 1381 tis
333 1342 342 1379 r
353 1322 436 1394 Cujus
446 1324 668 1395 pulchritudinem
683 1324 723 1381 rol
735 1334 761 1381 et
775 1325 840 1381 luno
854 1327 996 1382 orirentur.
1017 1324 1065 1382 Di·
1115 1332 1197 1400 pheta
1209 1334 1243 1388 de
1255 1334 1335 1390 molis
1343 1333 1430 1391 dicit:
1448 1333 1575 1390 Viderunt
1590 1335 1619 1389 iu
1631 1351 1707 1407 puers
1718 1345 1894 1406 pspupersst.

284 1414 357 1472 citur
380 1414 518 1486 plenitudo
546 1416 696 1488 gratiarum
723 1415 837 1483 christi,
861 1416 933 1474 uodo
954 1416 1064 1475 David:
1113 1418 1196 1478 liotst
1218 1438 1347 1491 exercere,
1369 1425 1442 1481 unde
1465 1424 1595 1481 Salomon
1611 1444 1619 1480 ε
1634 1423 1726 1496 Punpe
1751 1425 1896 1483 oculuuet

285 1506 377 1580 Specie
395 1517 441 1564 tuo
458 1517 484 1564 et
502 1508 698 1580 pulchritudine
711 1517 768 1564 tue.
782 1507 886 1565 Dicitur
900 1510 1065 1567 munditias
1113 1511 1238 1580 producet
1252 1511 1396 1584 lacrymas,
1413 1513 1440 1570 id
1454 1523 1497 1570 est
1511 1529 1609 1571 exerte
1620 1515 1743 1570 animum
1756 1525 1784 1572 et
1796 1516 1893 1587 produ-

283 1600 414 1671 pcccttis,
428 1600 500 1656 unde
511 1600 581 1656 idem
595 1618 603 1655 ε
615 1598 751 1672 Confessio
764 1612 789 1657 et
807 1601 987 1672 pulchritudo.
1115 1608 1159 1656 cet
1180 1615 1243 1656 cum
1260 1602 1355 1660 labore
1378 1603 1526 1677 irriguum.
1551 1602 1634 1661 Notat
1651 1615 1795 1672 enomere,
1821 1606 1893 1664 unde

319 1691 416 1758 Peles,
430 1690 547 1762 proprie.
561 1690 713 1761 Aliquando
726 1698 802 1745 notat
816 1691 960 1747 utilitatem
974 1690 1061 1748 etde·
1112 1693 1245 1750 solctdici
1263 1713 1271 1751 ι
1294 1692 1349 1751 lete
1371 1706 1543 1767 compunctus
1574 1699 1677 1763 ett1ud
1699 1701 1893 1769 pemteutiecs.

280 1788 439 1857 lectionem,
454 1784 527 1840 unde
545 1783 629 1839 David
643 1783 681 1838 nit
700 1783 733 1839 ad
750 1781 861 1838 Saulem
876 1783 904 1838 in
916 1784 987 1840 lihro
1005 1749 1098 1840 iic·B
1146 1783 1267 1855 Pupilla,
1279 1787 1397 1857 proprie.
1413 1786 1520 1845 Dicitur
1541 1789 1623 1846 etiarn
1646 1790 1767 1847 humans
1790 1792 1895 1850 Christi

282 1893 346 1950 pern
368 1897 376 1933 ε
393 1876 492 1949 deputet
509 1877 669 1947 permoreris
682 1891 773 1931 eorem
790 1884 924 1931 mortuum
944 1883 970 1930 et
986 1875 1061 1946 puli·
1109 1883 1207 1931 nutura
1229 1866 1309 1946 quasi
1329 1875 1427 1933 oculus
1445 1877 1545 1936 Putris.
1559 1878 1593 1936 Ει
1609 1881 1681 1938 sicut
1695 1896 1746 1953 per
1760 1884 1894 1953 pupillum

282 1990 337 2029 sens
350 1972 460 2028 doum?
1108 1965 1235 2038 dirigitur
1247 1966 1341 2023 radius
1359 1966 1473 2024 interior
1492 1969 1527 2024 ad
1545 1970 1693 2040 exteriora,
1714 1972 1751 2028 its
1764 1971 1812 2029 Dei
1835 1973 1895 2031 St·

316 2065 422 2122 Pullus.
435 2064 540 2121 Dicitur
553 2063 678 2121 subditus
690 2062 768 2134 prati
782 2060 897 2135 praelatj,
913 2060 985 2119 unde
1003 2059 1060 2117 Da·
1108 2057 1209 2128 pientia
1221 2058 1296 2115 uenit
1311 2058 1346 2115 ad
1357 2074 1410 2117 nos
1424 2060 1559 2118 mediante
1572 2061 1693 2119 humens
1710 2072 1822 2133 tratura3
1837 2080 1894 2121 uu·

280 2159 326 2214 rid
342 2177 349 2214 :
363 2157 400 2212 Et
413 2155 494 2229 pullis
509 2173 647 2212 corsorum
661 2154 843 2211 irrorantibus
857 2168 928 2209 eum
952 2151 1060 2209 Dicitur
1107 2148 1142 2205 de
1155 2147 1238 2204 Dsstd
1252 2147 1385 2205 :Custodi
1398 2166 1445 2207 nos
1459 2160 1488 2206 ut
1509 2152 1641 2224 pupillum
1653 2153 1733 2210 oculi.

279 2251 327 2321 spui
349 2266 398 2321 per
419 2249 577 2321 passionem
593 2247 734 2304 Christum
748 2246 880 2311 imitatur,
895 2246 970 2302 unde
981 2243 1034 2300 Joh
1049 2265 1057 2300 2
1141 2237 1276 2310 Pupillus,
1285 2241 1403 2312 proprie.
1414 2240 1517 2299 Dicitur
1529 2252 1642 2300 sanctus
1650 2244 1694 2301 cui
1708 2255 1835 2303 mortuus
1846 2256 1892 2305 est

280 2341 354 2397 Pulli
375 2340 473 2411 docile
495 2338 619 2395 lamhuut
642 2335 807 2406 scopulosus.
832 2333 938 2389 Dicitur
970 2331 1059 2389 tidelis
1106 2337 1184 2400 poter
1196 2331 1316 2388 mulidus
1336 2340 1363 2388 et
1382 2339 1469 2388 mater
1484 2333 1716 2403 concupiscentia,
1733 2337 1806 2392 unde
1831 2335 1889 2393 Da·

278 2433 325 2505 qui
350 2432 472 2488 relicitur
500 2443 614 2500 corpore
641 2434 668 2483 ct
684 2425 819 2498 sunguine
844 2424 959 2489 Christi,
984 2421 1058 2479 unde
1106 2420 1151 2475 vid
1167 2438 1174 2475 ε
1188 2419 1315 2475 Iudicate
1328 2421 1428 2493 pupillo
1440 2432 1467 2478 ct
1481 2422 1586 2491 humili,
1597 2432 1688 2480 utrius
1699 2436 1814 2497 suwetot
1829 2443 1891 2482 rtu-

279 2524 408 2597 predicta
422 2521 573 2579 auctoritas
589 2520 623 2576 de
637 2519 710 2575 lideii
729 2525 818 2589 potest
830 2516 941 2587 erponi.
951 2513 1056 2569 Dicitur
1106 2513 1241 2584 pollicere,
1253 2524 1306 2569 etc.

277 2616 421 2686 poenitcns,
437 2613 509 2670 unde
523 2611 670 2668 Ezechias:
682 2609 757 2666 Sicut
766 2608 878 2679 pusillus
890 2607 1054 2671 hirundinis,
1139 2601 1269 2675 Purpure,
1283 2603 1400 2674 proprie.
1414 2603 1496 2661 Notat
1507 2606 1722 2674 testimonie
1733 2608 1766 2666 de
1777 2609 1888 2667 Christo
1987 2592 1988 2607 ¹

276 2703 584 2764 sicclumoho.liirundo
597 2713 718 2774 tempore
730 2702 828 2759 hiemis
848 2700 962 2765 recedit,
986 2708 1055 2754 tem·
1104 2693 1144 2750 ait
1161 2692 1332 2765 Euangelista
1353 2696 1426 2767 quod
1444 2696 1568 2768 perpulit
1590 2716 1681 2755 oreoos
1699 2716 1785 2756 suom.
1804 2699 1888 2757 Notat

275 2811 342 2869 porc
355 2795 455 2854 caloris
470 2796 589 2863 accedit3
607 2794 679 2850 unde
696 2809 745 2865 per
757 2791 931 2848 hirundinem
943 2791 1055 2862 elegan-
1104 2794 1244 2857 pecudium
1264 2785 1413 2852 remilium»
1431 2788 1504 2845 unde
1521 2785 1621 2860 lessilur
1631 2787 1659 2844 in
1671 2787 1788 2845 milich·
1808 2787 1887 2861 tlltod

276 2899 316 2945 ter
331 2889 465 2961 figuratur
478 2886 562 2951 Deus,
578 2886 626 2958 qui
638 2884 666 2940 in
682 2883 809 2956 gelicidio
823 2880 993 2938 infidelitatis
1011 2896 1055 2936 rc·
1103 2873 1225 2947 perpulit
1251 2874 1319 2945 filios
1332 2875 1406 2947 heri,
1424 2877 1453 2935 id
1474 2887 1516 2936 est
1537 2878 1667 2936 tidelihus
1688 2879 1806 2937 remittet
1815 2895 1887 2952 pec-

275 2979 346 3036 cedit
361 2979 396 3035 ah
412 2977 537 3043 homine,
558 2977 586 3032 in
606 2975 711 3032 lcrrore
731 2974 874 3031 charitatis
893 2970 1000 3028 ademit
1018 2969 1053 3026 sd
1104 2976 1175 3024 cata.
1648 3043 1654 3051 .

275 3070 434 3138 hominem
450 3068 523 3124 undc
551 3081 601 3138 per
617 3066 723 3138 pullum
749 3063 906 3122 hirundinis
919 3062 1053 3134 liguratur
1137 3059 1268 3128 Pusillus,
1279 3062 1397 3133 proprie.
1414 3061 1520 3119 Dicitur
1533 3063 1614 3123 etism
1627 3062 1751 3131 humilis,
1767 3062 1839 3120 unm
1850 3062 1889 3121 itt

274 3159 421 3231 penitens,
435 3159 483 3230 qui
496 3174 544 3229 per
558 3157 653 3228 gratie
670 3158 877 3213 renovationem
906 3153 955 3210 Dei
980 3153 1053 3210 lilius
1104 3149 1249 3222 Evangelio
1270 3169 1277 3205 t
1298 3151 1389 3208 Nolite
1412 3154 1514 3221 timere,
1534 3154 1648 3225 pusillus
1672 3169 1747 3227 pres.
1777 3153 1886 3213 Dicitur

274 3255 314 3317 lit,
325 3259 407 3310 etest
421 3251 502 3323 quasi
515 3250 671 3307 hirundinis
685 3249 769 3313 lilius,
790 3256 819 3304 et
832 3262 888 3302 non
902 3247 1005 3303 clamat
1019 3247 1053 3303 ad
1103 3242 1292 3313 meticulosus,
1314 3245 1387 3302 unde
1407 3254 1435 3303 et
1452 3245 1644 3317 pusillanimus
1665 3245 1778 3316 dicitur,
1798 3246 1888 3318 duni

273 3344 358 3401 ulium
373 3358 424 3416 pro
442 3342 608 3401 remissione
631 3349 808 3412 peccatorum
824 3339 878 3396 nisi
896 3339 930 3395 ad
953 3338 1051 3395 Deum.
1102 3333 1207 3392 hahens
1218 3336 1347 3406 pusillum
1358 3338 1489 3394 animum.

307 3434 430 3501 Pulsore,
440 3434 559 3507 proprie.
577 3432 660 3489 Notat
676 3433 704 3489 in
723 3432 849 3488 oratioue
864 3445 1051 3502 perseuerare,
1138 3425 1354 3485 Putatiodicitur
1365 3428 1467 3500 opinio,
1478 3429 1698 3517 quodderiuttur
1709 3447 1725 3488 a
1736 3439 1812 3502 puto,
1826 3440 1884 3503 tes,

273 3524 346 3583 unde
369 3526 502 3581 Dominus
519 3542 527 3579 ε
544 3522 664 3587 Pulsate,
685 3531 710 3578 et
727 3521 858 3591 operietur
874 3520 956 3576 sodis.
970 3518 1053 3578 Notat
1101 3517 1174 3588 quod
1187 3525 1229 3574 est
1248 3518 1364 3591 opinari.
1380 3516 1485 3575 Dicitur
1506 3518 1625 3578 ahscisio
1643 3518 1843 3591 superductum
1863 3534 1887 3580 ι

273 3614 429 3686 frequenter
440 3615 597 3678 admouere,
607 3612 808 3669 undeiounnes
818 3612 852 3669 dc
863 3610 975 3669 Christo
987 3614 1027 3670 sit
1043 3632 1050 3670 :
1102 3607 1189 3664 vineit
1200 3608 1242 3666 vel
1259 3609 1415 3678 arboribus,
1433 3619 1461 3667 el
1476 3611 1627 3668 secundum
1644 3611 1696 3667 ¹²⁰0
1711 3610 1886 3673 derivatur&

273 3706 340 3761 Ecce
352 3705 429 3776 pulso
438 3705 588 3773 edentium,
600 3704 676 3761 idest
686 3703 844 3777 frequenter
854 3719 904 3762 ros
917 3706 1052 3763 admoneo
1100 3707 1173 3771 vtio,
1189 3709 1230 3756 ιω
1250 3701 1323 3773 quod
1339 3709 1383 3759 cst
1399 3718 1503 3775 perpe,
1524 3719 1565 3758 os.
1584 3702 1689 3760 Dicitur
1705 3711 1884 3773 peccawmut

271 3806 302 3855 ut
315 3796 524 3855 convertamini.
1100 3791 1234 3863 parratio,
1254 3791 1325 3848 uode
1340 3790 1367 3847 in
1383 3791 1463 3849 Cant.
1479 3810 1487 3848 ε
1505 3790 1616 3863 Tempus
1633 3791 1779 3863 putationis
1798 3790 1883 3849 ulse-
1987 3832 1988 3835 η

306 3887 408 3955 Puluis,
421 3889 539 3961 proprie.
556 3889 659 3948 Dicitur
672 3893 1049 3964 peccatonqniusicutpul-
1100 3883 1149 3938 ¹⁸⁸3·
1172 3881 1291 3954 Tempus
1309 3883 1459 3955 Duntionis
1483 3882 1584 3940 (filimi
1608 3890 1715 3953 tempus
1731 3881 1834 3954 8¹³le
1848 3879 1886 3940 5¹¹

270 3978 312 4034 sis
326 3978 495 4046 oculisest,
511 3981 690 4038 nmhumore
708 3983 846 4041 solidatur
867 3992 896 4041 et
916 3984 969 4040 tevi
981 3983 1049 4040 noto
1099 3989 1154 4046 quo
1166 3973 1292 4030 homines
1305 3974 1407 4031 avitiis
1420 3973 1601 4048 suntnurtati
1616 3989 1665 4047 per
1678 3973 1794 4047 gudan
1811 3972 1886 4039 lesu

269 4069 344 4125 renti
359 4069 535 4142 dispergitur,
556 4073 597 4127 ita
612 4085 741 4144 peccator
756 4071 858 4133 sterilis
880 4085 923 4132 est
937 4077 972 4133 ah
988 4091 1049 4132 om·
1098 4060 1209 4121 Chi'ssfi·
1987 4142 1988 4155 χ

270 4162 351 4219 nibus
375 4163 516 4233 oporibus,
534 4179 585 4221 nep
607 4164 694 4223 imore
718 4168 840 4225 empsit,
863 4169 956 4238 53„stae
981 4169 1049 4224 iffi.
1133 4158 1243 4226 Puteus,
1255 4160 1482 4231 proprieDicitur
1490 4161 1574 4219 ctiam
1584 4160 1794 4233 Ecclesis;quio,
1802 4161 1883 4217 sicut
1987 4174 1988 4187 ¹

268 4259 348 4323 gutur
372 4263 399 4309 et
420 4254 474 4310 levi
498 4254 563 4311 llatu
600 4257 738 4328 superhiae
765 4260 947 4331 dispergitur:
975 4260 1049 4317 unde
1098 4253 1508 4322 Duwllshrohlsslimhletitlem
1523 4254 1676 4326 potum,ita
1688 4251 1885 4323 Medulli-

269 4342 377 4401 Durid:
395 4343 457 4401 Nou
472 4347 511 4402 ric
524 4348 611 4419 impii,
625 4350 736 4416 nonsit,
752 4350 797 4406 red
811 4359 936 4421 tropeum
948 4350 1044 4420 puluis.
1097 4341 1234 4412 divalem,
1249 4344 1320 4401 ⁰¹¹(st
1339 4345 1366 4400 5ss
1393 4346 1475 4403 0²¹¹!-
1492 4363 1499 4399 ²
1516 4345 1587 4401 ΜΒ
1610 4346 1759 4411 lililmms
1781 4353 1880 4415 imm

268 4433 373 4492 Dicitur
383 4437 489 4494 veniale
503 4449 657 4510 peccatum,
669 4440 742 4498 unde
755 4439 887 4498 Dominus
903 4440 930 4496 in
952 4440 1045 4499 Erun-
1059 4436 1084 4497 D
1097 4451 1228 4506 nouorum
1246 4437 1398 4506 uiuentium,
1419 4447 1472 4495 etc.
1491 4437 1595 4495 Dicitur
1621 4438 1776 4504 hereticus,
1802 4437 1883 4493 unde

268 4528 338 4598 pelio
354 4546 361 4583 ε
378 4526 502 4585 Excutite
515 4533 646 4602 puluerem
665 4533 698 4587 de
719 4533 830 4604 pedihus
848 4534 951 4600 restris,
967 4533 1048 4589 idest
1097 4523 1216 4583 loannes
1231 4529 1374 4584 :Ascendit
1386 4531 1475 4605 [umus
1487 4532 1570 4601 putei,
1583 4530 1610 4586 id
1624 4540 1667 4587 est
1679 4545 1762 4601 praru
1773 4530 1882 4587 doctri-

268 4617 385 4674 uenialiu
408 4631 521 4691 peccata
548 4623 584 4679 uh
606 4622 750 4680 adectihus
774 4625 883 4681 mentis.
913 4624 1046 4681 Dicuntur
1096 4631 1131 4670 ¹¹²
1144 4618 1345 4676 haefdiifflfflffl·
1365 4620 1471 4677 Dissilssl
1484 4620 1785 4694 Dwsllssdilisslieffllls
1802 4626 1883 4682 unde

266 4704 394 4777 discipuli
404 4707 508 4767 Christi
521 4711 548 4765 in
559 4712 686 4781 passione
697 4728 714 4767 a
726 4712 780 4777 lide
791 4713 884 4778 elicui,
894 4713 1044 4770 undciob:
1096 4704 1181 4765 David
1195 4726 1203 4762 r
1219 4707 1281 4763 Dlou
1295 4708 1402 4765 cloudut
1413 4727 1492 4781 super
1502 4727 1542 4767 ute
1552 4722 1646 4782 puteus
1660 4729 1689 4769 os
1700 4730 1788 4771 suum.
1801 4714 1883 4772 Dici-

266 4797 335 4854 iisee
348 4816 418 4855 runc
437 4803 466 4855 iu
485 4802 589 4873 puluere
606 4804 748 4860 dormiam.
771 4803 875 4861 Dicitur
893 4816 1046 4864 contentus
1095 4809 1140 4856 lut
1156 4800 1289 4871 infernus,
1300 4813 1331 4859 ut
1342 4804 1371 4859 in
1385 4805 1480 4862 codem
1491 4805 1615 4877 exemplo
1628 4805 1779 4863 emendum
1791 4805 1884 4869 elim

265 4890 410 4960 virtutum,
426 4893 500 4949 unde
513 4893 541 4948 in
563 4893 696 4952 Castico:
714 4895 780 4962 Quo
793 4906 832 4954 est
850 4899 903 4953 isto
916 4915 975 4970 pute
997 4915 1045 4954 os·
1094 4892 1301 4963 θῐροδῑῑίουειη.

265 4981 362 5048 oersdit,
377 4990 449 5051 etc.;
471 4991 497 5037 et
524 4983 639 5040 uuirersi
663 4985 778 5056 pulueris
796 4987 976 5060 ldliquondo
993 5003 1046 5044 no·
1129 4983 1257 5053 Putredo,
1277 4988 1396 5060 proprie.
1409 4989 1515 5045 Dicitur
1537 4989 1619 5045 etium
1641 4996 1879 5061 concupiscentis,

218 5056 225 5078 ³
265 5081 306 5130 tut
326 5073 507 5146 deiectionem
535 5070 591 5131 rcl'
605 5075 757 5143 uilitatem,
794 5080 868 5137 uode
904 5078 1043 5135 dhralram
1094 5074 1248 5133 undeloh:
1270 5077 1410 5135 Putredisi
1427 5080 1485 5137 diet
1500 5079 1690 5136 :Potermeus
1707 5093 1752 5136 es:
1768 5079 1883 5142 Dicitur

264 5162 304 5221 uit
316 5162 350 5219 ad
370 5164 514 5223 Dominum
537 5185 545 5222 ε
566 5166 667 5225 Audiat
682 5185 723 5224 me
735 5169 864 5227 Dominus
880 5170 961 5239 Deus,
984 5187 1045 5226 euos
1093 5176 1246 5237 peccalum,
1266 5171 1339 5229 uodo
1349 5169 1459 5241 ‚dahac
1475 5190 1482 5232 ;
1499 5170 1619 5230 lutroeot
1631 5172 1744 5244 putredo
1759 5173 1789 5228 irs
1803 5174 1886 5235 ossi..

263 5254 317 5309 sim
328 5254 414 5325 pulsis
431 5267 457 5312 et
469 5258 549 5315 cinis.
570 5259 726 5331 Aliquando
741 5270 818 5318 notet
840 5262 1041 5332 poenitentiam,
1093 5256 1141 5314 dett
1155 5260 1230 5317 meis.
1334 5274 1339 5281 ’

263 5342 337 5400 uude
350 5342 435 5402 isaias
448 5364 456 5403 r
471 5346 538 5404 Sede
548 5350 576 5404 irs
589 5350 694 5420 puluere
709 5352 876 5421 ,diiudicet
890 5352 973 5413 idest
987 5353 1043 5410 hu·
1126 5349 1249 5419 Putrere,
1271 5353 1391 5425 proprie.
1400 5352 1484 5412 Notat
1499 5355 1639 5428 corrumpi
1655 5364 1780 5429 peccato
1800 5356 1887 5417 undo
1987 5384 1988 5405 t

263 5434 371 5492 miliare
383 5450 432 5507 per
451 5439 651 5508 penitentiam.
671 5443 775 5500 Dicitur
797 5451 936 5500 terrenum
957 5460 1043 5518 nego·
1091 5441 1177 5500 Dauid
1191 5460 1199 5497 ι
1213 5443 1376 5502 Putruerunt
1393 5456 1421 5503 et
1434 5456 1566 5519 corrupte
1581 5456 1652 5503 sunt.
1672 5446 1755 5505 Notat
1765 5447 1794 5502 iu
1807 5461 1885 5518 pec-

263 5524 332 5578 tium
344 5526 390 5582 rel
409 5526 595 5598 desiderium3
613 5540 641 5588 et
654 5533 696 5589 sic
707 5534 741 5590 dc
754 5534 881 5604 superbis
894 5536 928 5592 nd
945 5536 1001 5593 lob
1024 5552 1041 5594 o
1091 5540 1151 5591 celo
1173 5547 1365 5604 perseverem,
1382 5537 1456 5595 illidi
1474 5538 1608 5610 lil⁰lih⁰¹²
1625 5557 1634 5596 ἑ
1649 5535 1884 5608 Clidh'lm'ffl

264 5608 381 5668 Domino
395 5615 495 5672 dicitur
507 5636 515 5671 :
528 5619 664 5678 discorde
678 5640 722 5681 eos
743 5625 771 5678 its
789 5624 895 5695 puluere
907 5627 1000 5693 droul,
1015 5637 1041 5683 et
1085 5623 1207 5695 juruente
1216 5624 1246 5681 in
1262 5636 1377 5684 stercore
1387 5646 1445 5684 suo.

263 5697 342 5766 tocies
369 5717 458 5759 eorum
477 5705 593 5781 demope
612 5712 638 5766 ln
664 5712 774 5782 loreoru.
806 5712 944 5787 Superbos
966 5718 1039 5775 enim
1104 5714 1280 5807 duritem,
1296 5722 1412 5795 proprie.
1429 5720 1628 5798 ¹Dicituretianr
1649 5719 1806 5788 hereticus,
1826 5722 1886 5797 qui
