3992 6042
129 214 180 284 o‘ot

541 221 586 278 bb
604 219 794 279 tatlctttls
813 216 1025 276 curboilum
1044 218 1146 275 albet.
1165 250 1201 261 —
1218 218 1283 274 ulls.
1306 219 1326 275 l.

1705 220 1761 276 lde

129 339 200 397 llll.
214 339 285 395 Deus
299 356 347 395 nec
360 338 482 402 alterari,
501 353 547 391 uec
557 338 650 408 angeri
660 343 756 420 polest,
768 352 814 392 ner
825 336 918 404 ntinni,
934 340 1038 404 hergo
1053 332 1127 389 dicat
1147 330 1333 401 falsigraphus
1349 350 1356 386 z
1373 333 1444 388 Deus
1468 348 1524 389 non
1549 334 1642 389 omnia
1662 343 1761 404 potest.

373 426 419 464 nce
433 408 555 462 localiter
570 424 678 462 mouera.

165 496 277 556 Nullum
292 499 365 555 enim
376 498 503 555 accidens
516 497 590 553 eadit
604 498 632 553 in
648 495 715 553 Deo.
725 496 797 570 Ergo
810 512 860 552 nce
871 497 921 552 ali·

129 604 184 662 qna
197 589 303 661 species
314 599 417 644 motus.

350 678 410 735 tlt.
428 676 497 735 Dens
515 689 553 734 est
569 690 693 737 aternus.

165 771 195 828 Si
209 773 283 829 enim
295 772 392 843 incipit
405 788 477 839 esse,
492 788 557 843 ergo
573 781 664 827 rnotns
677 782 720 828 est
734 775 919 845 generatione.

130 860 161 916 Si
180 861 282 917 desinit
296 861 353 929 (sl)
367 875 440 930 csse,
464 876 531 933 ergo
553 863 711 918 movebitur
732 868 919 937 corruptione,

128 967 196 1023 ergo
212 952 341 1009 accidens
354 953 397 1007 rel
413 953 466 1009 erit
477 954 519 1009 nel
538 952 590 1009 luit
610 955 637 1010 in
650 971 683 1011 eo
699 973 707 1013 :
723 958 796 1028 qnod
812 967 854 1014 est
868 959 921 1013 im·

127 1046 271 1117 possibile.

128 1136 200 1194 xil.
217 1139 289 1194 Deus
303 1148 342 1196 est
353 1141 506 1206 immensus,
524 1143 808 1213 incomprehensibilis,
825 1146 921 1215 ineffa-

372 1210 444 1278 bilis,
459 1213 672 1269 innominabilis.

167 1298 236 1357 Vere
257 1301 412 1356 immensus
426 1310 479 1367 est,
491 1303 557 1373 qnia
576 1303 603 1358 in
618 1319 652 1360 eo
665 1319 720 1360 non
742 1316 816 1361 certa
831 1323 922 1379 quan·

128 1393 216 1449 litatis
231 1408 386 1448 mensura:
408 1393 570 1463 quantitatis
591 1394 665 1450 enim
694 1411 793 1466 expers
821 1406 874 1459 est,
892 1399 920 1451 in

126 1499 210 1555 quem
228 1484 336 1540 trullum
356 1485 430 1541 cadit
453 1486 592 1543 accidens.
614 1485 747 1543 Eumdem
771 1489 853 1544 etiam
875 1490 920 1544 iu·

125 1575 404 1646 comprehensibilem
417 1576 480 1632 loco
493 1585 521 1631 ct
533 1585 656 1647 tempore
668 1585 696 1633 el
708 1579 844 1636 intellectu
859 1594 921 1636 esse

126 1666 190 1738 quis
213 1667 351 1739 ambigant
372 1665 433 1722 Nou
449 1667 523 1723 enim
539 1677 662 1724 arctatur
683 1670 815 1741 temporis
838 1671 957 1738 inter-n

124 1758 220 1826 vallo,
244 1760 309 1830 qnia
343 1759 448 1816 nullutn
489 1763 598 1816 initium
633 1762 750 1829 hebuit,
785 1779 835 1820 nec
866 1764 919 1820 line

125 1851 210 1908 ctiam
222 1851 279 1923 (Ξῖ)
295 1852 449 1910 claudetur.
463 1853 598 1910 Similiter
613 1856 695 1910 etiam
711 1855 774 1911 loco
794 1870 920 1925 corripie-

126 1936 211 1995 bendi
237 1956 292 1995 non
305 1949 404 2010 potest.
422 1940 451 1996 st
467 1943 540 1998 enim
559 1943 620 1998 loco
633 1943 917 2015 circumscriberetur,

64 2080 71 2087 ,
125 2030 210 2087 certis
221 2032 421 2101 superlleiebus
433 2033 494 2104 ejus
504 2034 630 2089 soliditas
644 2033 826 2102 clauderetur,
838 2045 865 2093 et
878 2039 920 2094 sic

123 2134 226 2191 expers
241 2135 296 2176 noo
311 2131 386 2178 esset
396 2124 559 2194 quantitatis
577 2136 605 2180 et
620 2125 736 2182 lorrrrre:
755 2126 828 2196 qnod
842 2128 919 2199 prius

123 2217 170 2265 est
184 2209 382 2280 improbatum.
394 2212 474 2280 item,
488 2214 571 2283 Deus,
595 2216 643 2287 qui
664 2217 849 2274 omnimodam
867 2219 921 2274 lot·-

124 2317 202 2358 mam
214 2303 389 2377 subterfugit,
406 2306 544 2364 intellectu
559 2310 775 2381 comprehensus
790 2327 919 2369 essenon

126 2401 231 2464 polest,
246 2410 309 2451 cum
335 2397 490 2455 intellectus
514 2402 649 2458 naturalis
672 2401 728 2458 nisi
752 2402 920 2461 adminleulo

125 2482 225 2541 lormae
243 2502 301 2543 rem
316 2488 374 2559 (ἑὸ)
393 2504 449 2545 non
473 2493 699 2562 comprehendat,
720 2495 792 2550 sicot
805 2507 920 2567 apparet

126 2594 163 2635 ex
176 2578 365 2652 descriptione
379 2583 544 2642 intellectus.
558 2584 630 2659 Ergo
645 2586 717 2645 Deus
735 2588 858 2647 lruntano
874 2592 920 2648 ia-

124 2672 237 2729 tcllectu
250 2675 309 2745 capi
325 2691 379 2731 non
390 2686 489 2748 potest.

163 2765 266 2824 Verum
278 2770 338 2839 pari
354 2770 436 2827 modo
450 2771 597 2830 irtellabilis
619 2786 757 2845 censetur,
779 2778 806 2833 id
828 2790 872 2836 est
885 2780 920 2836 de

125 2875 181 2932 qao
199 2860 252 2917 lari
260 2871 334 2918 reete
348 2879 403 2920 non
415 2880 575 2935 possumus.
590 2867 659 2923 Cum
674 2868 748 2924 enirn
763 2870 837 2926 circa
849 2872 920 2928 duos

126 2955 260 3011 terminos
275 2954 414 3014 humanus
427 2974 519 3015 sermo
541 2972 676 3029 uersatur,
692 2961 847 3033 subjectum
864 2966 920 3022 sci·

971 425 1060 481 Ponat
1072 424 1175 496 aliquid
1194 423 1251 491 (al)
1266 438 1329 480 esse
1351 433 1486 492 creatum,
1509 424 1552 480 nel
1573 431 1761 490 concreatum,

970 516 1045 587 quod
1063 516 1122 587 ipse
1136 529 1192 570 nou
1208 515 1306 584 possit.
1317 513 1372 569 Aut
1389 514 1522 571 illuderit
1538 514 1704 586 subjectum.
1719 515 1762 569 vel

971 608 1137 681 proprietas,
1161 615 1209 662 aut
1236 621 1270 661 ex
1294 614 1410 677 utraque
1431 616 1572 679 compacta
1592 608 1761 664 substantia.

972 700 1025 757 Sed
1038 699 1225 772 quodcunque
1245 699 1355 754 illorum
1379 699 1425 766 sit,
1439 699 1611 771 compaginis
1625 699 1699 755 illins
1710 699 1763 755 erit

971 795 1064 865 aliqua
1080 808 1175 860 cansa,
1191 791 1265 863 quod
1280 807 1328 863 per
1343 791 1461 863 primam
1481 793 1640 862 petitionem
1659 792 1761 863 proba·

971 897 1027 944 tur.
1046 885 1202 957 Cujuslibet
1231 895 1324 941 autem
1354 882 1496 941 inferioris
1526 901 1618 942 causa
1641 894 1685 941 est
1703 883 1761 956 (ἳὸ)

971 994 1055 1034 causa
1071 992 1210 1048 suprema,
1223 976 1296 1032 sient
1308 992 1342 1032 ex
1354 991 1427 1032 nono
1439 975 1604 1032 theoremate
1617 978 1761 1046 probatur.

971 1071 1044 1143 Ergo
1057 1085 1184 1141 suprema
1193 1084 1289 1133 eausa,
1301 1085 1363 1139 quie
1373 1069 1449 1139 prius
1458 1075 1510 1135 est,
1526 1067 1601 1122 illius
1611 1076 1653 1123 est
1665 1084 1761 1135 eausa.

971 1163 1006 1220 de
1019 1178 1073 1233 qna
1089 1161 1262 1233 propositum
1279 1160 1336 1232 (bb)
1356 1171 1408 1215 est.
1436 1161 1508 1231 Ergo
1529 1159 1595 1214 illud
1617 1159 1699 1214 hahet
1715 1176 1763 1229 per

971 1254 1075 1323 ileum3
1100 1268 1167 1325 ergo
1190 1251 1263 1308 Deus
1287 1262 1376 1322 potest
1404 1251 1496 1308 lacere
1519 1250 1592 1323 quod
1618 1251 1686 1307 illud
1711 1252 1762 1319 sit,

970 1343 1132 1416 argolicus
1157 1352 1248 1415 polest
1273 1343 1339 1399 illud
1364 1344 1464 1415 :quod
1490 1353 1534 1398 est
1559 1350 1654 1399 contra
1675 1343 1762 1413 hypo·

970 1438 1082 1495 thesim.

1006 1528 1069 1585 Pari
1083 1531 1165 1587 modo
1184 1534 1207 1587 si
1227 1539 1344 1603 negetur
1364 1529 1451 1587 Deum
1465 1529 1541 1586 omni
1560 1539 1683 1602 tempore
1698 1544 1760 1585 orn·

971 1623 1017 1678 nia
1032 1637 1125 1693 posse,
1146 1631 1266 1693 ponatur
1292 1622 1403 1692 aliquod
1431 1630 1550 1692 tempus,
1573 1622 1617 1678 rel
1637 1622 1760 1694 aliquod,

970 1715 1013 1771 vel
1028 1715 1120 1786 aliqua
1132 1729 1205 1781 esse,
1224 1728 1286 1785 quae
1301 1714 1329 1768 iu
1344 1713 1391 1769 illo
1406 1721 1528 1783 tempore
1543 1711 1615 1769 Deus
1630 1731 1684 1771 non
1701 1730 1764 1785 pos·

970 1810 1024 1874 sit;
1039 1816 1067 1862 et
1080 1806 1213 1877 praedicto
1233 1807 1316 1862 modo
1330 1805 1482 1877 poterimus
1495 1808 1691 1877 argumentari.
1708 1806 1763 1865 Ve-

969 1909 1032 1951 rum
1055 1902 1083 1949 et
1110 1895 1151 1950 sic
1174 1895 1343 1965 arguendum
1362 1904 1416 1962 est,
1441 1895 1464 1951 sl
1486 1896 1515 1950 in
1536 1899 1612 1952 omui
1630 1898 1761 1954 loeoom-

969 1985 1016 2040 nia
1041 1983 1127 2056 (llll,
1149 1993 1177 2041 et
1205 1986 1409 2056 quantumlibet
1434 1995 1533 2056 potens
1561 2000 1622 2045 csse
1649 1997 1764 2060 negetur

969 2076 1055 2134 Deus.

968 2189 1041 2247 Xlx.
1064 2190 1131 2256 Qnoe
1155 2194 1182 2248 in
1201 2206 1290 2246 renem
1306 2193 1439 2247 creatione
1453 2204 1478 2249 ιι
1494 2193 1668 2263 dispositione
1687 2213 1762 2250 conr-

1005 2262 1167 2318 mendalrlr'a
1189 2263 1398 2332 contemplamur
1421 2264 1496 2333 (al),
1518 2280 1565 2333 per
1585 2265 1708 2333 ellectum
1737 2276 1762 2321 ct

1004 2348 1116 2388 causam
1130 2334 1315 2389 attribuantur
1328 2332 1462 2389 Creatori.
1482 2332 1557 2389 Unde
1568 2336 1633 2405 qnia
1644 2345 1763 2404 potenter

1004 2411 1029 2458 el
1045 2404 1108 2458 lenc
1127 2404 1246 2474 potertlia
1265 2411 1291 2456 ct
1314 2403 1384 2457 horta
1409 2413 1500 2457 creata
1521 2416 1595 2471 sunl,
1609 2404 1761 2461 Creatorem

1003 2482 1137 2543 potentem
1152 2485 1177 2530 et
1193 2473 1290 2528 loreum
1303 2474 1418 2527 dicimus
1431 2489 1504 2539 esre,·
1519 2482 1544 2528 ιι
1555 2477 1618 2545 qnia
1634 2476 1763 2531 inuram

1006 2544 1181 2614 dispositione
1191 2544 1321 2607 charitas,
1330 2544 1453 2613 justitia,
1467 2545 1662 2608 misericordia,
1674 2546 1764 2600 hami

1005 2612 1080 2681 litas,
1106 2616 1206 2739 pelas,
1227 2623 1252 2669 et
1272 2613 1426 2684 huiusmodi
1446 2615 1653 2684 perpendantur,
1675 2618 1763 2686 ipsam

1003 2685 1089 2755 pinum
1124 2684 1371 2755 undenariorum,
1390 2686 1587 2740 misericordem
1606 2687 1721 2740 dicimus
1736 2698 1761 2740 et

1003 2756 1159 2827 sapientem.
1174 2755 1260 2809 Porro
1271 2757 1352 2810 etiam
1366 2756 1436 2808 notis
1455 2754 1677 2811 similitudinibus
1693 2757 1762 2810 disi·

1006 2834 1052 2879 tur
1071 2825 1119 2880 lna
1138 2826 1206 2895 (ὅθ),
1220 2828 1302 2896 lans,
1325 2825 1429 2892 orieris,
1448 2825 1554 2892 lumen,
1570 2826 1642 2891 nita,
1659 2826 1761 2888 uideris,

1007 2895 1121 2967 aliisque
1137 2912 1170 2950 ex
1191 2898 1262 2950 orrrrri
1285 2911 1375 2967 genere
1396 2896 1550 2967 linguarum
1570 2896 1704 2952 uocabulis
1726 2895 1761 2951 ad

1006 2966 1063 3035 eins
1079 2967 1287 3036 magnitudinem
1302 2966 1504 3036 praedicandam
1519 2969 1706 3038 transumptis.

124 3048 190 3106 ’Μ
204 3051 792 3126 pefq¹¹⁰d⁰³lm⁰¹⁵¹¹¹fd⁰q¹¹⁰ss¹⁸⁶¹¹¹³⁰r
808 3066 918 3129 “P‘ae‘
945 3055 953 3076 ’
977 3140 981 3147 ,
1005 3081 1045 3137 ltd
1071 3081 1155 3151 hujus
1178 3082 1369 3152 probationem
1399 3082 1518 3154 exigitur
1547 3083 1628 3139 tertia
1654 3081 1760 3154 petitio.

124 3139 249 3197 ‘mmm
272 3143 346 3213 (ΨΜ
368 3143 495 3213 ⁸¹¹bj⁰⁰¹⁰
518 3145 630 3213 mlum
657 3147 851 3217 mmmmm
875 3148 917 3204 '⁶¹
967 3170 1068 3229 Procul
1083 3172 1168 3229 dubio
1188 3188 1235 3242 per
1256 3172 1382 3228 ellectum
1397 3182 1426 3228 et
1442 3188 1554 3229 cansam
1570 3173 1670 3228 dieitur·
1688 3171 1762 3229 Deus

125 3229 256 3302 sormam,
283 3235 409 3291 adirina
428 3246 526 3294 natura
549 3248 592 3295 est
611 3239 710 3296 modus
735 3241 780 3298 bic
800 3242 916 3310 alienus,
967 3264 1067 3330 bonus,
1082 3266 1140 3320 0000
1155 3264 1275 3330 bonitas,
1288 3262 1353 3334 00οῑ0
1374 3264 1409 3318 qq,
1426 3277 1461 3319 00
1481 3278 1562 3318 00000
1577 3262 1681 3319 bonum
1697 3277 1762 3334 000.

125 3340 190 3431 ⁰¹¹J¹¹
204 3336 302 3383 'mum
325 3330 484 3400 p¹⁰l³fi⁰¹⁸¹¹
501 3331 625 3401 ⁸⁰bl⁰⁰¹³
649 3333 696 3399 ⁸5¹²
711 3349 762 3389 ¹¹⁰⁰
776 3333 835 3404 ¹¹³⁵²
857 3350 919 3406 9‘0'
966 3357 1051 3425 cedit,
1063 3366 1091 3413 et
1104 3357 1162 3428 ipsc
1175 3356 1257 3412 allicit
1272 3369 1354 3411 omne
1368 3356 1484 3410 bonum.
1498 3352 1594 3410 iustus
1608 3353 1690 3409 etiarn
1703 3354 1762 3409 slve

125 3429 229 3488 prretas
240 3430 283 3476 est
297 3422 358 3478 sine
372 3438 467 3478 causa.
484 3422 563 3479 Unde
575 3433 648 3495 patet
660 3424 744 3483 Deum
760 3427 918 3483 innomina·
965 3446 1075 3518 quqgg
1090 3455 1277 3516 0000000000,
1288 3445 1354 3516 quq,
1370 3444 1406 3500 0))
1420 3460 1454 3501 00
1470 3444 1529 3500 0οι0
1543 3442 1668 3514 0000οᾱ0
1679 3443 1762 3513 jusu.

123 3519 184 3568 lum
199 3526 271 3567 esse.
287 3510 357 3567 Com
371 3513 445 3568 enirn
461 3514 575 3570 nornina
591 3517 626 3570 sd
640 3519 848 3586 osprlrnendmn
861 3528 919 3574 tan·
968 3539 1016 3606 ((0,
1033 3537 1081 3610 quq
1104 3537 1228 3594 0000)οω
1249 3552 1343 3592 ,esum
1366 3548 1409 3593 0„
1431 3551 1530 3603 causa,
1550 3535 1622 3591 ,jem
1642 3534 1758 3591 wrong.

125 3614 184 3660 111111
200 3618 233 3660 11
258 3619 320 3675 111113
334 3604 524 3677 intelliguntur
551 3616 616 3663 111111
638 3607 774 3677 instituta,
794 3621 821 3666 11
845 3609 917 3667 111111
968 3629 1042 3684 nunt
1058 3627 1228 3684 duodecime
1240 3625 1438 3698 propositionis
1451 3626 1578 3681 alllrmat.
1594 3623 1647 3681 Per
1660 3639 1762 3696 quarn·

126 3698 252 3753 lsuntano
273 3698 413 3755 intellectu
430 3698 492 3770 capi
514 3713 569 3755 uon
588 3701 686 3771 possit,
704 3717 771 3772 ergo
791 3716 842 3759 nee
867 3720 918 3758 no·

126 3791 202 3846 utine
217 3801 292 3848 recte
304 3790 361 3863 (bt)
375 3791 535 3862 signillcari.

167 3881 251 3938 xtll.
265 3882 349 3937 Deum
367 3883 443 3938 nulla
454 3885 577 3949 selentia,
593 3884 640 3940 sed
654 3884 711 3941 solu
725 3886 778 3955 fide
790 3887 883 3955 deprc-

444 3956 595 4011 hendinttts.

162 4044 236 4103 lliltil
249 4036 322 4103 enirn
337 4048 401 4104 seiri
416 4057 516 4119 potest,
529 4049 603 4120 quod
621 4064 676 4105 non
691 4052 780 4120 possit
793 4051 917 4122 intelligi.

128 4138 180 4197 Sed
198 4140 285 4196 ὓιιιιιι
301 4155 355 4196 non
369 4140 601 4212 apprehendimus
615 4142 764 4208 intellectu,
782 4142 852 4198 sieut
870 4158 918 4213 per

127 4234 298 4303 premissam
311 4235 367 4308 (25)
383 4246 506 4307 apparet.
521 4234 593 4307 Ergo
618 4252 669 4292 nee
688 4236 814 4292 seientia.
831 4235 917 4291 Deum

967 3721 1031 3776 darn
1048 3722 1122 3776 eninr
1137 3720 1346 3776 similitudinem
1362 3720 1465 3776 dicitur
1477 3716 1563 3776 Fons.
1575 3718 1645 3787 Quia
1660 3718 1761 3775 sieuta

967 3812 1044 3869 laute
1058 3811 1151 3877 rivuli,
1163 3811 1202 3867 ita
1218 3811 1299 3867 abeo
1313 3820 1414 3867 cuncta
1436 3811 1599 3881 procedunt.
1617 3808 1664 3865 Sol
1677 3809 1760 3864 etiam

967 3916 995 3961 et
1009 3902 1114 3959 Lumen
1128 3904 1272 3968 asseritur,
1286 3902 1352 3972 quia
1363 3900 1499 3955 illuminat
1511 3916 1614 3956 omnem
1628 3902 1760 3956 lrorrrlnetn

968 3997 1111 4052 uenientem
1124 3995 1151 4049 in
1165 3994 1234 4047 liano
1248 3993 1377 4048 mundam
1390 3991 1483 4064 (loen.
1496 3993 1528 4061 ι).
1549 3990 1583 4047 Ει
1601 3992 1642 4048 sic
1656 3993 1691 4048 dc
1703 3993 1761 4048 sin·

970 4090 1042 4161 gulis
1054 4096 1137 4160 patet.

967 4192 1029 4249 XX.
1049 4193 1120 4249 Deus
1143 4202 1181 4248 ιιι
1201 4192 1331 4262 potentia,
1344 4207 1396 4260 qua
1419 4190 1520 4245 dicitur
1540 4202 1647 4260 poleam·
1659 4191 1761 4259 tapies·

1005 4265 1055 4332 lia,
1069 4280 1122 4334 qna
1143 4264 1265 4333 inplens:
1289 4261 1418 4326 alteritus,
1433 4278 1485 4331 qua
1499 4260 1623 4331 diligens.
1642 4259 1761 4315 Cretera·

127 4324 211 4397 igitur
224 4326 313 4397 ipsum
329 4322 475 4383 inducente
496 4343 547 4384 uos
564 4329 670 4384 talione
690 4342 752 4384 esse
773 4328 918 4398 praesmnl·
1004 4352 1054 4406 qne
1076 4336 1194 4400 leontina,
1217 4349 1276 4405 qum
1297 4333 1394 4386 dininoe
1418 4342 1523 4386 naturae
1542 4339 1703 4401 competunt,
1726 4335 1760 4385 de

127 4432 200 4487 ntus,
225 4426 253 4475 el
277 4434 331 4475 uon
356 4419 471 4486 seimus,
490 4421 538 4475 sed
566 4435 627 4477 esse
656 4421 805 4477 eredimus.
836 4402 956 4476 ltoesll
1005 4407 1079 4472 ⁰⁰⁰»
1107 4405 1153 4459 111
1182 4403 1325 4475 i'’llliwl’ll‘
1348 4402 1467 4457 ‘filinam
1495 4403 1642 4472 llae‘fifflm
1673 4415 1760 4455 ‘ml'

127 4512 200 4567 enirn
215 4523 258 4568 est
273 4528 306 4568 er
319 4512 403 4568 certis
417 4512 569 4569 rationibus
585 4513 642 4585 (ab)
655 4512 689 4569 ad
702 4513 846 4569 seientiam
861 4527 916 4567 non

127 4604 336 4672 sulliclentibus,
350 4613 410 4660 orta
422 4607 611 4677 praesumptio.
627 4604 709 4661 Fides
723 4605 806 4677 igitur
822 4606 917 4676 utique

127 4709 209 4765 super
219 4690 390 4764 opinionem,
405 4698 453 4754 sed
468 4697 540 4753 inlra
554 4699 711 4754 scientiam.

126 4782 220 4843 xlttl.
236 4786 307 4842 Dent
319 4799 358 4844 ιιι
369 4792 396 4845 t'n
408 4791 480 4845 omni
500 4804 631 4861 tentporc,
650 4792 722 4846 omrai
745 4790 815 4859 loco,
827 4793 917 4846 orturia

360 4872 384 4915 et
397 4861 563 4934 quantalibet
577 4871 679 4932 polens.

1008 4476 1086 4531 liant.

1003 4566 1121 4623 Nomina
1145 4568 1219 4623 eninr
1236 4567 1298 4635 ista,
1327 4566 1458 4637 potentia,
1475 4572 1582 4635 potens,
1608 4563 1755 4634 sapientia,

968 4661 1079 4731 sapiens
1092 4675 1181 4730 ireque
1196 4657 1327 4726 lormam,
1341 4674 1430 4729 neque
1445 4656 1653 4729 proprietatem,
1669 4669 1759 4725 nequo

968 4752 1103 4825 quidquid
1120 4753 1216 4808 talium
1229 4750 1287 4808 lleo
1301 4750 1453 4806 attribuere
1468 4758 1596 4821 possunt,
1609 4763 1673 4805 eum
1689 4749 1758 4804 sirn-

967 4854 1137 4927 plicissimus
1162 4853 1235 4910 Dens
1261 4853 1290 4907 in
1316 4866 1366 4907 sua
1391 4858 1491 4906 natura
1514 4848 1583 4905 nihil
1604 4849 1640 4904 sit
1662 4844 1756 4901 talium

162 4952 345 5021 hnmcrrsitas,
368 4970 430 5026 qnae
454 4954 507 5009 hoc
524 4954 636 5009 nomine
659 4953 915 5025 comprehenditur,
968 4960 1066 5016 capax,
1082 4945 1155 5014 quod
1167 4960 1216 5014 per
1231 4943 1369 5000 decimum
1383 4942 1525 4998 theorema
1543 4940 1687 5010 probaltuu
1703 4944 1755 4991 est.

128 5058 218 5104 00000
233 5049 443 5115 (0100000000,
459 5059 485 5103 et
504 5064 547 5114 00,
570 5063 640 5118 qum,
662 5048 686 5102 sq
702 5056 804 5113 05500),
824 5056 915 5101 crema
966 5036 1036 5093 Com
1049 5051 1114 5108 ergo
1129 5036 1311 5092 ratiocinandi
1326 5035 1360 5092 de
1373 5035 1430 5091 Deo
1444 5047 1526 5091 causa
1541 5031 1651 5087 nomina
1664 5024 1756 5082 norni-

126 5142 168 5195 rel
182 5149 328 5197 concreata
339 5150 440 5203 essent,
457 5140 630 5195 solummodo
643 5139 850 5210 comprehendit
871 5136 916 5193 Sic
967 5130 1051 5187 uibus
1065 5130 1237 5201 subdamus,
1249 5129 1329 5196 nillil,
1345 5129 1419 5199 1111οἅ
1431 5143 1486 5184 11011
1502 5124 1539 5181 Sil
1553 5122 1614 5194 11111
1624 5117 1756 5183 manill,

1002 5322 1061 5394 (ii)
1078 5320 1144 5377 Uter
1165 5335 1199 5375 uc
1214 5319 1289 5384 cod,
1301 5317 1388 5372 aliud.

1003 5392 1142 5463 (Qilssod.
1180 5399 1362 5455 ut.,esseesl.

1001 5462 1049 5526 (29
1074 5462 1144 5517 Cod.
1158 5461 1250 5525 Gom„
1268 5457 1452 5537 compositum.

1014 5534 1049 5588 bo
1082 5531 1179 5588 Omnia
1197 5534 1273 5588 deest
1288 5528 1315 5584 ln
1328 5529 1360 5584 C.
1380 5524 1440 5577 but.

963 5632 967 5641 ·
1002 5605 1060 5673 (51)
1080 5602 1131 5668 ln,
1150 5599 1372 5670 contemplantur.

419 5694 459 5734 us.
1002 5674 1060 5748 (52)
1079 5673 1130 5743 ln,
1145 5676 1231 5740 dent,
1245 5673 1302 5735 lua,

172 5327 219 5396 sl)
233 5326 303 5382 cdd.
323 5324 396 5390 Eun,
412 5325 537 5394 desuerit.

161 5338 219 5467 iii)
238 5396 327 5451 h'tiam
345 5395 420 5450 deest
435 5396 463 5450 in
475 5395 537 5450 cod.
554 5393 612 5449 Em.

163 5467 219 5537 (ιδ)
234 5466 303 5522 Coti.
319 5465 409 5531 aem,
422 5481 487 5520 csse.

161 5537 219 5611 (24)
233 5537 304 5593 (lod.
322 5536 394 5601 Em,
407 5552 468 5606 ergo
479 5551 526 5590 nec
540 5551 611 5593 riom.
627 5545 653 5593 el
674 5538 775 5593 ratione
791 5537 841 5606 sig.

162 5607 219 5675 ‹25›
235 5607 302 5666 cod.
318 5607 390 5669 Em,
401 5607 555 5731 [centissa.

163 5677 219 5751 (sol
236 5679 286 5748 lb,
299 5678 399 5735 nationi
