3992 6042
233 233 283 296 {31
866 241 971 297 atum
990 243 1034 298 DE
1053 242 1191 299 insutis
1807 242 1863 304 til

230 353 279 413 bes
293 356 423 412 exuboret
439 356 574 422 incurata,
590 364 618 411 ει
633 354 660 410 in
675 363 852 428 augmentum
865 354 1018 413 facinorum
1034 362 1096 419 Αει
1105 375 1202 429 aspera
1216 374 1266 431 pro
1276 374 1310 416 eo
1322 359 1395 431 qnod
1406 359 1523 432 diligunt
1533 361 1718 431 adipiscendo,
1732 361 1804 434 cogit
1818 374 1861 420 ιο-

230 442 364 498 redivivat
380 442 403 474 ¹⁸
419 443 549 512 iniquitas
568 442 712 514 impunita.
739 442 803 501 liaec
825 452 867 501 εει
890 460 1020 502 mensura
1070 450 1159 505 lerare
1171 451 1204 505 ⁸¹.
1215 449 1342 506 ebaritas
1355 450 1471 507 virtutes
1493 462 1606 509 caeteras
1629 454 1780 509 munimine
1802 469 1865 510 suar·

230 546 284 605 qua
296 531 427 590 debemus
440 531 529 588 metiri
544 547 651 603 prunas,
668 533 819 605 ponderare
832 534 940 591 merita.
958 535 1021 593 llaec
1070 540 1245 609 perfectionis
1258 540 1366 595 solidat.
1382 540 1516 613 Quisquis
1538 542 1570 597 in
1593 543 1653 614 ejus
1669 543 1760 600 radice
1773 559 1801 600 se
1816 543 1859 599 in·

229 631 272 678 est
285 637 348 694 quae
363 621 511 693 unicuique
518 622 565 693 jus
579 637 659 678 snum
676 625 780 690 tribuit,
797 629 936 683 communi
949 627 1021 684 utili·
1069 631 1149 693 serit,
1163 647 1213 688 nee
1231 648 1247 688 a
1261 630 1398 688 viriditate
1415 632 1517 699 delicit,
1533 649 1582 690 nec
1601 649 1617 689 a
1640 632 1773 691 fructibus
1796 650 1859 692 era·

228 721 285 772 tate
299 724 416 772 serrata.
432 713 587 787 Aliquando
602 718 675 773 eninr
694 719 728 775 de
747 734 827 790 poena
841 721 1019 777 relaxandum
1069 721 1157 777 nescit
1180 721 1220 789 ⁸’;
1240 721 1305 790 qnia
1330 736 1400 792 opus
1421 721 1515 778 edicas
1542 738 1595 778 nou
1626 723 1736 778 amittit.
1754 721 1793 779 lle
1806 723 1862 780 bau

228 816 338 877 propter
347 806 464 863 aliorum
476 810 654 877 scandalum;
668 811 815 883 aliquando
838 828 918 884 poeua
933 830 1019 885 exag-

227 898 348 968 geranda
369 908 421 967 εει,
433 908 464 955 nt
477 899 514 956 sit
528 900 646 957 aliorum
660 904 781 960 cantela.
800 901 862 959 llaec
874 912 917 959 εει
931 905 1019 960 medi·

227 989 289 1044 cina
303 988 444 1058 vitiorum,
460 990 613 1049 antidotum
626 1002 810 1064 peccatorum.
827 993 891 1052 llaec
904 1004 947 1052 est
961 995 1020 1066 gla-

226 1082 347 1153 dinsqui
359 1092 621 1158 utramquepartem
637 1088 756 1144 bominis
770 1088 906 1157 dele-adim
918 1104 1018 1162 corpus

226 1173 262 1228 ab
282 1175 465 1233 exterioribus
482 1176 611 1248 injuriis,
636 1181 756 1238 animam
780 1182 814 1238 ab
841 1183 1018 1240 interioribus

226 1267 371 1325 molestiis.
386 1265 450 1325 llaec
468 1277 511 1326 est
524 1271 598 1343 lapis
608 1288 669 1344 quo
679 1273 762 1330 David
777 1273 883 1331 Goliam
902 1291 1018 1347 pereus-

226 1359 272 1425 sit,
283 1369 310 1415 et
322 1358 404 1415 lsrael
417 1376 433 1416 a
448 1362 579 1420 seruitute
590 1364 727 1422 liberavit.
744 1364 817 1436 llaec,
829 1367 889 1427 uine
909 1366 1017 1426 discre-

225 1451 311 1517 t'oue,
325 1463 367 1508 est
381 1452 489 1524 gladius
501 1455 528 1510 iu
540 1470 622 1512 manu
635 1456 744 1526 luriosi3
761 1460 832 1527 haeo,
845 1461 906 1517 sine
920 1469 1018 1532 poten·

1068 816 1151 871 etiam
1167 815 1233 872 dicit
1248 815 1370 871 isidorus
1383 834 1391 872 r
1405 815 1515 872 Nullum
1531 817 1671 888 praemium
1696 832 1859 888 compensa·

1069 917 1114 963 tur
1129 908 1188 964 sine
1202 906 1346 964 charitatis
1360 921 1472 973 amore;
1488 909 1665 979 quantumvis
1679 909 1798 979 quisque
1813 924 1859 965 re·

1069 1009 1111 1055 cte
1122 1000 1224 1067 credat,
1235 999 1295 1059 sine
1309 1001 1442 1057 charitate
1455 1001 1490 1056 ad
1505 999 1698 1056 beatitudiuem
1714 999 1859 1071 pervenire

1068 1107 1122 1146 nun
1134 1101 1231 1161 potest.
1243 1090 1312 1159 Quia
1327 1101 1400 1148 tauta
1414 1102 1456 1148 est
1466 1092 1609 1148 ebaritatis
1622 1093 1721 1153 virtus,
1733 1090 1857 1147 nterim

1067 1179 1246 1251 prophetiaet
1260 1182 1421 1253 martyrium
1436 1181 1496 1237 sinu
1509 1182 1567 1252 ipsa
1582 1196 1636 1236 non
1652 1181 1768 1251 prosim.
1780 1179 1856 1236 (iba-

1068 1272 1134 1328 ritas
1148 1273 1271 1329 omniruu
1288 1273 1421 1329 virtutum
1436 1273 1540 1329 obtinet
1553 1272 1749 1343 principatum.
1777 1269 1862 1327 Unde

1066 1372 1094 1418 ει
1104 1363 1244 1421 uinculum
1263 1364 1437 1436 perfectionis
1454 1366 1489 1421 ab
1511 1365 1641 1436 Apostolu
1664 1364 1766 1421 dicitur
1784 1361 1856 1434 (Col.

1067 1454 1125 1521 ru),
1142 1454 1208 1526 qnia
1222 1455 1357 1514 universae
1370 1457 1486 1513 virtutes
1496 1456 1556 1527 ejus
1573 1455 1682 1512 rinenlu
1695 1455 1862 1526 religantur.

226 1542 273 1609 tiu,
289 1552 331 1599 εει
345 1544 452 1616 gladius
468 1546 495 1602 iu
512 1563 596 1603 manu
611 1550 762 1617 contracti;
773 1552 842 1620 haec,
856 1552 917 1608 sino
931 1552 1017 1608 mise«
1066 1546 1152 1619 Dilige
1161 1547 1323 1620 ergo-Deum
1337 1557 1368 1604 ut
1380 1547 1503 1620 diligaris
1518 1549 1553 1604 ab
1564 1563 1614 1616 θοι
1626 1556 1654 1603 0¹
1667 1562 1729 1604 ⁰⁵⁵0
1745 1562 1808 1603 ⁰⁰⁰¹
1821 1561 1864 1604 ⁴²⁰*

225 1636 355 1704 ricordia,
368 1648 413 1696 εει
424 1640 673 1712 gladiusiumanu
687 1644 806 1715 tyranni.
822 1644 892 1702 dum
907 1660 1015 1703 summa
1066 1639 1148 1695 citius
1177 1640 1211 1695 ad
1234 1640 1324 1711 ipsum
1352 1641 1505 1711 pervenies,
1518 1656 1582 1696 narn
1596 1640 1743 1697 dilectione
1757 1653 1856 1711 appre-

224 1728 390 1787 discrctione
400 1734 600 1799 mucrrdmuest
611 1736 771 1793 exercitium
781 1737 905 1808 justitiae,
919 1749 950 1794 ιιι
960 1755 1015 1796 uon
1032 1703 1053 1758 B
1068 1732 1181 1799 belides.
1194 1733 1356 1803 possidebis,
1372 1734 1483 1791 frueris·
1498 1733 1560 1790 *¹³³0
1570 1743 1613 1790 0⁸²
1630 1733 1673 1789 lli
1685 1730 1861 1804 Sililiffloel‘

221 1814 378 1891 iudicemus
396 1839 431 1881 ex
451 1825 619 1897 suspicione,
632 1828 679 1883 sed
694 1830 786 1898 potins
799 1845 832 1885 ex
852 1831 1016 1888 rectitudine
1068 1825 1137 1889 lens.
1153 1826 1196 1881 tia
1207 1827 1425 1896 supereminens,
1441 1828 1499 1885 vias
1513 1829 1642 1884 distortas
1653 1826 1785 1898 dirigens.
1796 1824 1856 1880 ilai

224 1915 257 1969 ⁸⁷.
275 1912 386 1971 Nullum
403 1917 571 1975 condemnes
587 1928 651 1975 ante
670 1919 806 1990 iudicium
823 1931 909 1989 ;ante
929 1924 1016 1994 proba
1067 1925 1157 1972 reciae
1169 1919 1329 1976 ostendens·

222 2014 248 2061 ct
263 2007 303 2064 sic
316 2008 425 2078 iudica:
440 2025 493 2065 non
507 2010 580 2066 cuim
592 2012 640 2083 qui
657 2021 818 2081 accusatur,
832 2015 879 2070 sed
892 2015 940 2086 qui
949 2030 1017 2072 con·
1103 2005 1167 2063 Huc
1177 2015 1220 2065 est
1233 2008 1354 2064 charitas
1366 2024 1428 2080 quae
1440 2019 1547 2065 tautum
1561 2006 1588 2062 in
1602 2006 1685 2062 licum
1700 2005 1854 2075 prevaluit,

223 2097 342 2154 uincitur
359 2115 423 2157 reus
437 2102 498 2158 erit.
1067 2103 1142 2174 quod
1165 2119 1228 2159 eum
1251 2104 1284 2160 de
1302 2119 1427 2175 supernae
1448 2101 1599 2174 majestatis
1620 2100 1684 2157 sede
1705 2099 1740 2155 ad
1761 2097 1860 2155 intima

522 2194 637 2253 caput
652 2195 713 2251 xx.
1067 2204 1167 2251 nostrie
1186 2196 1362 2252 mortalitatis
1382 2196 1510 2261 adduxit3
1532 2192 1684 2249 vulnerarit
1700 2190 1856 2262 impassibi-

482 2286 518 2341 lle
535 2285 676 2342 dilectione
696 2288 754 2344 llei.
1067 2285 1131 2352 lem,
1148 2284 1232 2341 traxit
1247 2282 1616 2356 incommutabilem,ligasit
1628 2281 1861 2354 insuperabilem

257 2368 304 2429 lle
325 2377 502 2431 auctor-tuus
532 2376 648 2433 turmam
674 2380 821 2449 praeterunt
847 2381 1013 2438 claritatis:
1065 2385 1199 2431 aternum
1215 2374 1281 2431 lecit
1297 2376 1452 2432 mortalem-

222 2458 324 2536 Diliget
345 2465 489 2520 Duuuirtum
503 2466 587 2521 Deum
607 2485 640 2523 ea
655 2478 709 2523 toto
727 2471 861 2525 cordetuo
874 2481 941 2525 etex
958 2480 1015 2525 tota
1103 2466 1253 2523 sitantum
1274 2467 1364 2538 potuit
1378 2467 1499 2523 ebaritas
1515 2465 1543 2522 in
1563 2463 1660 2533 Deum,
1678 2473 1823 2538 quantum,
1837 2480 1861 2522 o

223 2557 313 2610 arrium
328 2566 374 2611 tur
389 2556 498 2628 (llettlr.
510 2559 590 2626 ιιιι).
607 2557 726 2614 loannes
746 2561 784 2615 ait
798 2579 804 2614 :
818 2558 887 2615 Deus
898 2562 1015 2617 alteritas
1067 2558 1161 2626 lrouro,
1178 2558 1258 2615 debet
1277 2573 1360 2629 posse
1379 2557 1406 2612 in
1429 2565 1457 2613 te
1479 2557 1591 2626 ipsunt
1608 2556 1638 2614 st
1654 2557 1726 2615 Deus
1743 2564 1856 2628 propter

221 2657 270 2711 εει,
281 2656 307 2704 ει
320 2646 461 2719 qui'mauet
475 2651 502 2704 lu
514 2649 655 2717 clruritute,
669 2651 698 2705 io
715 2650 768 2707 neo
782 2661 889 2717 mouet,·
905 2662 930 2707 ει
943 2651 1015 2707 Deus
1067 2648 1207 2705 hominem
1225 2656 1300 2704 tauta
1319 2648 1440 2718 pertulit,
1456 2648 1523 2719 quid
1544 2648 1631 2705 bomo
1643 2658 1755 2719 propter
1769 2647 1862 2703 ὓειιιιε

221 2735 561 2808 ιἰιεο(Ηοειι.ιι).Ιιειιι
575 2737 1029 2799 Petrus:Auteomniaiuoobia··
1067 2739 1184 2796 tolerare
1205 2739 1362 2795 recusabit?
1387 2736 1492 2794 Pudeat
1516 2749 1608 2796 autent
1632 2739 1770 2794 bominem
1799 2752 1860 2792 non

219 2830 338 2900 metipsis
350 2840 469 2886 mutuum
485 2831 643 2886 claritatem
659 2833 794 2902 lubentes,
816 2836 878 2906 quia
897 2836 1015 2890 riardus
1067 2831 1167 2902 subjici
1178 2830 1316 2897 charitati,
1328 2845 1391 2901 quaa
1401 2830 1454 2887 sibi
1464 2831 1582 2902 subjecit
1591 2837 1729 2885 auctorem
1742 2828 1858 2884 matidii

219 2922 304 2990 operit
314 2921 512 2976 multitudinem
525 2931 696 2993 peccatorum
708 2925 717 2996 l
723 2923 735 2979 l
751 2925 825 2980 l’etr.
839 2925 888 2995 tv).
1067 2922 1130 2979 llaec
1144 2938 1198 2977 non
1214 2922 1371 2989 aemulatur,
1386 2937 1441 2978 nou
1457 2922 1514 2995 agit
1527 2935 1682 2993 perperam,
1697 2919 1744 2975 sed
1757 2919 1793 2974 ab
1806 2918 1859 2974 illu

255 3008 322 3067 ltem
344 3011 447 3070 Paulus
463 3031 470 3068 :
489 3013 614 3070 Claritas
637 3018 740 3087 potiens
754 3028 804 3085 est,
830 3019 941 3090 benignu
963 3028 1013 3087 est,
1029 3030 1049 3087 (ζ
1067 3015 1095 3068 in
1112 3029 1167 3085 quo
1189 3012 1296 3069 balvitat
1311 3013 1439 3070 vitiorum
1459 3014 1578 3069 radieem
1597 3010 1741 3082 exstirpat.
1755 3009 1854 3066 Chari-

219 3111 272 3160 ειε.
292 3103 321 3175 (l
337 3104 400 3161 Gor.
414 3107 487 3177 rut.)
503 3106 570 3163 ltem
590 3107 783 3179 Augustinus:
802 3129 812 3163 ι
829 3110 927 3166 Omnia
938 3127 1014 3183 quae.
1065 3105 1244 3161 insomnium
1258 3104 1391 3160 virtutum
1408 3105 1486 3178 urigo
1504 3115 1555 3166 est.
1570 3111 1690 3159 mentem
1706 3101 1861 3168 illuminat,

218 3210 327 3267 cumque
340 3198 400 3252 sine
412 3197 546 3256 charitate
562 3197 693 3267 iacimus,
714 3201 782 3256 nibil
802 3201 882 3258 nobis
902 3204 1015 3274 prodest
1065 3198 1261 3256 conscientiam
1279 3199 1403 3264 mundat,
1418 3198 1539 3253 animam
1559 3196 1688 3262 retincat,
1704 3195 1790 3253 Deum
1805 3195 1857 3253 de·

217 3284 320 3354 lacere,
336 3295 364 3342 et
378 3288 458 3343 inane
469 3288 592 3346 studium
607 3289 799 3359 supertulimus,
811 3290 835 3345 si
850 3306 906 3345 nou
927 3289 1015 3345 habe·
1066 3298 1210 3347 monstrat.
1230 3290 1357 3345 animam
1373 3290 1400 3345 in
1416 3305 1469 3361 qua
1485 3289 1605 3345 ebaritas
1624 3288 1740 3356 inabitat,
1754 3303 1853 3360 supcr-

217 3394 281 3436 mns
306 3379 466 3436 charitatem
486 3397 549 3452 quar
571 3390 613 3437 est
633 3379 717 3437 Dens.
734 3400 743 3433 r
760 3380 826 3436 ltem
842 3378 1012 3452 Gregorius:
1064 3382 1109 3438 bia
1125 3396 1180 3437 nun
1196 3381 1282 3449 inllat,
1298 3380 1400 3436 invidia
1420 3395 1474 3436 uon
1494 3381 1627 3449 devastat,
1642 3381 1683 3438 ira
1699 3396 1753 3439 nou
1769 3381 1852 3437 dissi·

220 3488 233 3524 r
249 3466 339 3528 Tanto
363 3468 486 3541 amplius
502 3480 676 3541 peecatorum
702 3470 801 3542 rubigo
825 3471 1012 3536 eonsumitur,
1064 3484 1120 3545 pat,
1134 3474 1246 3530 tristitia
1261 3474 1331 3528 mala
1348 3488 1402 3529 non
1421 3481 1512 3541 uexat,
1525 3474 1641 3530 avaritia
1655 3488 1711 3529 uon
1722 3483 1854 3540 excaecat,

217 3571 322 3633 quanto
332 3561 485 3632 peccatoris
495 3561 696 3617 corebaritatis
708 3562 770 3633 igue
780 3571 928 3617 crematur.
948 3560 1013 3618 rEx
1064 3564 1127 3633 gerla
1147 3577 1202 3618 non
1220 3560 1383 3629 inflammat,
1398 3563 1508 3619 luxuria
1522 3578 1579 3619 non
1595 3564 1765 3636 coinquinat.

216 3654 272 3717 bis,
285 3653 326 3709 sic
337 3650 540 3723 procedendum
559 3660 601 3707 est
615 3671 622 3706 :
637 3650 706 3719 Quis
731 3652 857 3708 Tulliana
882 3654 1013 3725 preditus
1100 3654 1214 3725 Semper
1226 3664 1303 3711 easta
1314 3665 1366 3722 est,
1380 3670 1488 3726 semper
1501 3655 1614 3723 munda,
1627 3671 1735 3727 semper
1748 3657 1860 3726 quieta.

217 3744 387 3815 eloquentia,
407 3743 471 3814 quis
499 3743 725 3802 omniformatus
752 3746 887 3816 sapientia
911 3746 1014 3804 sufficit
1063 3763 1171 3818 semper
1190 3746 1319 3819 benigna.
1344 3747 1375 3803 lu
1397 3746 1521 3803 aduersis
1546 3761 1655 3812 secura,
1670 3746 1698 3802 in
1714 3746 1858 3817 prosperis

217 3833 312 3892 laudes·
320 3834 462 3893 charitalis
470 3836 623 3907 exprimere
633 3843 660 3892 et
669 3837 729 3907 ejus
737 3837 851 3893 uirtutes
859 3838 1015 3908 exponere?
1064 3848 1225 3909 temperata.
1239 3837 1303 3894 flue
1315 3847 1358 3894 est
1372 3854 1440 3892 crux
1465 3838 1629 3907 spiritualis,
1641 3852 1724 3908 quam
1739 3836 1854 3909 quilibet

175 3948 181 3955 ·
219 3924 282 3982 llaec
295 3925 469 3983 estcbaritas
486 3926 637 3997 quaeducet
659 3925 919 3998 illecebraslugere,
932 3928 1012 3984 volu·
1062 3940 1173 4000 portare
1193 3939 1311 3994 terretur,
1327 3937 1358 3983 ut
1374 3928 1494 3984 tollendo
1513 3928 1586 3982 banc
1607 3943 1735 3995 crucem,
1750 3925 1857 3983 Christi

216 4016 777 4089 platesenlcareaaruisconcupiscentiam
785 4019 1012 4087 saluberrimae·
1062 4023 1178 4093 vestigia
1190 4028 1338 4090 sequatur3
1353 4018 1433 4089 tznjus
1448 4019 1565 4074 altitudo
1577 4017 1691 4090 erigitur
1705 4019 1740 4073 nd
1756 4018 1852 4088 beurn,

218 4125 261 4165 res
270 4120 455 4178 contemnere,
463 4108 701 4167 desideriaillicita
712 4108 1012 4184 lraugere;postrem'o,
1062 4111 1178 4169 latitudo
1197 4109 1354 4166 extenditur
1372 4109 1407 4164 ad
1428 4108 1585 4175 inimicum,
1599 4105 1745 4179 longitudo
1764 4122 1858 4178 usque

217 4200 344 4257 uuiversa
370 4200 513 4273 praesentis
532 4201 793 4259 vitaeblandimenta
815 4219 954 4275 respuere.
972 4204 1011 4261 be
1062 4204 1173 4261 advitae
1189 4202 1348 4267 terminum,
1364 4198 1539 4272 profunditas
1560 4198 1660 4255 divinae
1673 4199 1766 4270 gratim
1781 4197 1853 4269 sapit

217 4290 269 4347 liae
283 4308 401 4364 sponsus
416 4293 444 4350 in
459 4293 582 4352 canticis
598 4296 739 4361 admouet,
754 4296 850 4353 diceus
863 4315 874 4351 a
886 4297 958 4352 Pone
969 4313 1009 4352 me
1063 4297 1238 4351 immensum.
1265 4291 1328 4349 llaec
1353 4301 1396 4349 εει
1424 4291 1545 4348 clrnritas
1572 4305 1634 4361 qnae
1658 4288 1789 4361 pugnanti
1810 4296 1856 4344 esi

215 4392 245 4436 ιιι
268 4383 435 4453 signaculum
456 4402 535 4457 super
546 4402 592 4441 eor
606 4395 697 4452 tuum,
714 4403 781 4457 porse
792 4403 832 4442 me
844 4397 874 4442 at
886 4389 1011 4458 siguum·
1027 4379 1048 4433 Ι)
1063 4394 1183 4450 scrutum,
1198 4384 1379 4452 triumphanti
1400 4380 1542 4452 premium
1553 4398 1564 4450 ;
1577 4396 1639 4452 qnae
1651 4382 1693 4436 sic
1707 4380 1853 4435 iueboatur

215 4473 271 4529 lum
286 4491 365 4546 super
382 4477 520 4533 lauritium
548 4489 641 4543 tuunt;
657 4478 720 4550 quio
736 4478 815 4549 [ortis
837 4487 875 4534 est
890 4489 919 4534 ιιι
938 4496 1010 4534 mora

215 4564 332 4632 dilectio,
358 4568 426 4623 dura
449 4571 519 4624 sieut
537 4570 657 4637 infernus
669 4570 805 4625 oerrtulotio
830 4570 922 4639 (Cutil.
937 4572 1010 4642 vm).

215 4656 289 4715 llors
303 4659 376 4715 enim
396 4662 518 4717 viventes
535 4663 694 4732 exstinguit,
711 4662 835 4717 inleruus
848 4674 939 4718 autam
959 4679 1011 4720 nce

215 4752 331 4807 mortuis
346 4752 444 4823 parcit.
461 4751 571 4807 Dilectio
581 4767 647 4823 ergo
660 4761 688 4806 ut
701 4768 780 4817 mors,
794 4754 858 4823 qnia
871 4753 943 4806 sicut
963 4752 1009 4808 illa

215 4859 327 4901 sensum
340 4844 442 4911 carnis,
454 4842 494 4900 sic
506 4843 557 4899 ista
569 4842 697 4899 allectum
708 4843 936 4914 concupiscentia
948 4859 1011 4898 car·

215 4938 286 4994 nalis
299 4936 387 5006 punit.
410 4935 465 5007 83
481 4934 556 4991 Duru
577 4948 616 4991 εει
631 4937 699 4990 sicut
713 4936 832 5005 t'rtleruus
855 4935 1010 5002 muratorio,

215 5030 280 5100 quia
306 5028 357 5084 lios
383 5043 453 5098 quos
465 5027 540 5083 intus
555 5028 638 5083 trabit
652 5027 817 5083 desiderium
834 5037 1009 5094 aeternorum,

215 5132 270 5171 unu
282 5116 372 5172 solum
383 5115 453 5173 loris
459 5116 558 5172 blanda
567 5132 708 5187 respuere,
718 5119 765 5174 sed
775 5118 890 5174 adversa
898 5120 1009 5188 quidem

1063 4478 1162 4543 iuria,
1181 4483 1212 4531 ut
1231 4481 1440 4529 eotrsummetur
1461 4474 1489 4528 in
1510 4473 1609 4545 patria.
1625 4471 1674 4527 Est
1687 4471 1760 4528 enirn
1781 4470 1854 4541 ignis

1063 4569 1091 4623 iu
1109 4568 1187 4633 Sion,
1200 4572 1228 4621 et
1239 4565 1367 4620 caminus
1380 4565 1407 4619 in
1419 4562 1570 4619 Jerusalem
1586 4561 1667 4634 (lsai.
1681 4562 1767 4632 saxu).
1783 4559 1853 4617 cna

1062 4660 1131 4714 ritas
1151 4657 1229 4729 qnasi
1251 4657 1402 4711 trinitatem
1420 4656 1639 4724 puritcreatam3
1656 4655 1684 4707 in
1699 4667 1753 4723 qua
1772 4650 1853 4707 triui-

1062 4759 1118 4805 tate
1135 4749 1216 4821 quasi
1240 4747 1321 4804 Pater
1342 4755 1386 4804 est
1406 4746 1516 4801 dileetio
1537 4744 1592 4810 bei,
1615 4762 1630 4800 a
1653 4759 1708 4815 qua
1729 4742 1854 4814 procedit

1062 4843 1173 4898 dilectio
1188 4856 1241 4911 qua
1258 4840 1342 4895 bomo
1358 4840 1417 4911 ipse
1439 4838 1565 4909 diligitur
1580 4845 1710 4907 tauquam
1730 4837 1853 4905 prolesa

1061 4945 1139 5005 patre
1149 4935 1172 4967 ’⁰
1189 4954 1196 4988 ι
1211 4934 1245 4989 ab
1258 4943 1375 5006 utroque
1386 4947 1451 4987 ιειο
1464 4932 1588 5001 procedit
1599 4931 1710 4987 dilectio
1720 4931 1851 5001 proximi,

1062 5027 1142 5098 quasi
1157 5026 1282 5097 Spiritus
1292 5034 1403 5082 sanctus
1415 5025 1450 5079 ab
1461 5034 1588 5094 utroque.
1602 5022 1670 5079 ltem
1685 5032 1742 5078 tres
1754 5022 1856 5079 distin·

1062 5120 1168 5176 ctioues
1192 5128 1256 5174 sunt
1278 5119 1306 5172 in
1329 5134 1384 5173 uua
1406 5115 1549 5172 eharitatis
1571 5116 1736 5181 substantia,
1750 5116 1797 5170 sed
1811 5114 1853 5170 oi-

854 5208 973 5266 leilAE
994 5206 1197 5265 Lectiones,

247 5304 270 5335 ⁸⁸
283 5296 316 5357 ln
330 5304 399 5369 ullo,
415 5318 463 5373 pro
486 5305 633 5372 redivivat,
651 5306 763 5362 babetur
783 5306 918 5363 recidivit.
956 5306 979 5340 ⁸¹
998 5305 1074 5362 llude
1092 5305 1262 5360 auctoritas:
1281 5303 1371 5359 Nolite
1379 5303 1509 5373 judicare
1526 5311 1553 5358 et
1566 5316 1620 5356 non
1635 5295 1810 5371 judicemini,
1824 5302 1851 5351 ει

215 5373 300 5427 nolite
312 5375 439 5444 judicare
463 5378 614 5432 meandum
640 5377 751 5443 faciem,
765 5379 813 5433 sed
836 5379 942 5448 justum
961 5377 1096 5446 judicium
1119 5376 1253 5445 judicate.
1296 5374 1319 5407 ⁸⁸
1332 5372 1365 5427 lu
1381 5373 1436 5428 olio
1452 5372 1598 5441 exemplari
1612 5372 1667 5425 nee
1689 5368 1852 5448 addemur:

215 5440 474 5503 accesseramus
510 5462 551 5501 uae
572 5447 639 5502 Abel
655 5455 801 5517 martyrem
823 5448 898 5514 lecit,
917 5450 974 5503 lutee
995 5456 1119 5515 estque
1139 5442 1610 5499 Abrabumdaterrasuaeduxit.
1631 5434 1804 5505 Haeeloseplr
1821 5451 1851 5491 ru

215 5510 480 5583 AEgyptoservavit.
523 5532 562 5572 auc
586 5515 749 5585 inlioruace
773 5517 860 5573 tribus
883 5517 977 5587 pueris
995 5513 1287 5579 flammaslexstinxit.
1316 5511 1379 5569 llaec
1407 5514 1532 5568 oninium
1558 5512 1693 5567 bonorum
1730 5506 1851 5561 maxilua

214 5591 272 5647 ast;
289 5582 358 5635 nihil
380 5584 451 5682 sapit
471 5594 549 5640 extra
568 5602 642 5645 earvr,
664 5586 732 5639 ubil
749 5586 777 5638 in
794 5603 825 5641 ca
841 5602 984 5668 asperum,
1002 5588 1071 5643 nibil
1097 5587 1208 5642 durum.
1247 5586 1270 5617 ¹⁹
1286 5583 1341 5639 Pro
1364 5584 1515 5649 evanescit,
1539 5582 1650 5637 iubetur
1672 5576 1852 5636 defraudatur

215 5651 361 5707 tractibus.
399 5653 409 5686 r
435 5651 469 5706 lu
485 5653 538 5710 alio
553 5658 592 5711 sio
610 5673 618 5712 ε
633 5654 693 5724 Qua
713 5656 795 5713 luoruo
811 5671 840 5713 sc
855 5656 951 5729 diligit.
