3992 6042
167 215 221 274 tos
734 212 1048 272 turlettuutnittis.
1067 246 1102 259 -
1120 215 1185 271 LlB.
1206 214 1238 270 ll.
1732 208 1784 267 506

167 327 276 385 Liniitis
288 327 434 398 asperitas,
448 340 496 397 pes
510 326 637 383 scandala
650 326 765 395 nesciat,
780 329 837 385 iure
964 328 1054 390 A'l'et
1063 329 1154 398 donis,
1170 331 1309 399 tantisque
1321 328 1404 395 datis,
1420 328 1564 401 splendere
1576 342 1696 394 sorores,

166 417 204 476 Ut
217 412 300 475 citius
314 418 403 489 pessit
417 432 518 473 munus
532 419 670 490 complere
681 418 754 489 qued
767 420 861 484 instat,
1001 418 1127 486 Ordiuut,
1140 420 1268 491 iniungit,
1281 419 1370 490 jubet,
1382 420 1509 490 imperat,
1530 429 1602 485 orat,
1624 433 1653 474 ιιι
1679 421 1786 475 lustaus

166 507 197 564 ln
210 525 265 580 qao
280 519 423 579 percurrat
436 510 549 576 coelom,
563 527 649 579 mare,
665 512 767 579 sidera,
783 527 894 568 currum
1001 510 1134 578 Qualibet
1144 513 1258 567 istarum
1269 512 1411 576 comitum,
1423 512 1572 567 comitante
1582 512 1695 582 Sophia,

166 597 286 669 imperat
299 599 398 655 excudi
415 600 561 669 sapientia,
575 617 626 658 uec
637 603 705 673 pede
719 603 794 658 lente
1001 603 1133 672 Corpore,
1144 610 1245 667 mente,
1260 600 1323 664 tide,
1336 602 1455 668 studeat,
1466 601 1590 668 desudet,
1605 599 1724 667 anhelet,

164 690 300 747 redactum
312 692 438 762 sequitur
449 692 573 761 allectus,
588 694 635 750 sed
652 695 733 750 simul
746 695 859 751 instant.
1001 692 1094 760 instet,
1107 702 1134 748 et
1146 692 1255 757 efficiat,
1268 700 1299 746 ιιι
1310 706 1409 747 currus
1421 702 1514 748 currat
1528 694 1644 754 adesse,

166 781 296 839 Nascitur
309 783 436 850 cd'cctus,
452 800 514 839 cum
532 786 654 840 nascitur
667 785 726 857 ipsa
737 787 874 844 roluutas.
1001 786 1061 850 Quo
1074 796 1153 842 terrie
1164 784 1295 854 spatium,
1309 797 1395 849 mare,
1411 783 1516 850 nubila,
1533 783 1635 848 sidera,
1648 781 1760 848 coelum,

168 871 215 925 Sic
228 873 308 925 matri
324 872 447 943 prolique
459 872 541 928 simul
553 875 712 929 conceditur
729 883 816 931 ortus.
1001 875 1145 939 Transeat,
1161 875 1260 930 citrini
1277 884 1405 944 superate
1420 874 1530 928 cardine
1542 873 1602 927 coeli

166 962 270 1030 Cautes,
285 963 445 1032 prudentes,
461 964 595 1033 pulchre,
612 966 772 1036 similesque
784 966 880 1037 puellae
1002 966 1144 1022 Scrutatur
1157 973 1260 1020 secreta
1275 981 1341 1037 noys
1355 964 1422 1035 (illi,
1433 980 1586 1033 sensusque
1599 962 1750 1034 profundos

167 1053 287 1125 Septem,
298 1070 360 1125 quai
371 1055 476 1111 nultum
492 1056 544 1111 sub
559 1066 661 1127 septem
679 1057 799 1113 uultibus
817 1073 901 1114 unum
1001 1058 1124 1127 llauriat,
1134 1071 1161 1116 et
1177 1060 1277 1115 sumini
1289 1059 1427 1130 perquirat
1437 1058 1504 1111 uelle
1514 1056 1648 1126 magistri.

165 1143 304 1214 hulduni,
321 1162 391 1217 quas
408 1145 505 1215 iacies,
518 1163 615 1218 genus,
627 1156 704 1213 ictas,
719 1147 818 1214 leima,
831 1157 951 1218 potestas
1002 1150 1052 1206 Vix
1066 1153 1133 1209 satis
1148 1151 1284 1221 expressit
1298 1163 1403 1216 retum,
1415 1165 1477 1204 eum
1492 1157 1553 1202 rota
1566 1146 1690 1217 jubentis

164 1232 225 1289 llnn
240 1244 323 1298 tenet.
337 1244 411 1292 tenet
424 1252 479 1292 uria
494 1237 572 1304 sides,
588 1250 660 1293 tenet
675 1255 730 1294 una
743 1241 880 1309 voluutas,
1000 1243 1130 1298 Certatim
1143 1242 1282 1312 complere
1293 1241 1414 1305 student,
1429 1254 1545 1309 seseque
1560 1250 1669 1292 sorores

163 1326 304 1382 Assistrint
318 1325 462 1395 Phronesi,
478 1328 628 1386 Phrenesis
640 1330 747 1385 decreta
766 1343 928 1402 sequuntur,
1000 1334 1152 1405 Accingunt
1164 1332 1251 1404 operi,
1266 1347 1321 1386 noir
1334 1347 1412 1386 mens
1429 1330 1569 1385 discordat
1580 1329 1615 1382 ab
1630 1335 1705 1393 actu,

165 1415 233 1486 lijus
245 1416 272 1471 iii
284 1418 418 1488 obsequie
430 1434 538 1489 semper
551 1419 656 1476 [eriere
668 1430 779 1491 parate.
999 1422 1059 1478 Non
1072 1439 1087 1477 a
1104 1432 1194 1478 mente
1208 1438 1319 1488 manus,
1335 1422 1382 1477 sed
1398 1436 1460 1476 eam
1476 1420 1582 1491 delegat
1596 1420 1623 1473 in
1640 1429 1733 1474 aetum

164 1503 216 1558 ‘let
227 1507 304 1561 dotes
316 1507 343 1561 iii
358 1523 406 1563 eas
417 1508 561 1564 effundunt
575 1509 647 1565 dona
660 1511 774 1581 sophias,
1000 1514 1120 1569 Allectus
1136 1513 1235 1569 mentis
1251 1530 1258 1567 z
1273 1527 1371 1568 marrus
1381 1525 1448 1582 eigo
1463 1510 1592 1580 predicat
1603 1519 1680 1564 entra

164 1603 237 1664 Quot
253 1614 313 1655 sese
327 1609 411 1655 totam
427 1603 572 1671 prudentia
585 1603 674 1659 lundii
688 1604 714 1658 in
727 1605 798 1670 illus,
1000 1603 1078 1670 Quod
1092 1604 1256 1660 mensionis
1271 1602 1352 1657 hebet
1364 1619 1371 1667 ;
1385 1601 1425 1656 sic
1442 1599 1540 1654 meniis
1555 1599 1646 1669 lingua
1658 1596 1745 1653 tidelis

164 1688 201 1745 Se
217 1692 335 1760 partitur
348 1693 399 1758 eis,
411 1693 463 1748 sibi
476 1694 645 1751 thesaurizat
657 1696 684 1750 iii
698 1696 761 1752 illis.
1000 1695 1044 1751 gip
1056 1712 1164 1762 rannus,
1177 1705 1203 1751 et
1218 1695 1328 1766 proprio
1342 1702 1461 1748 mentem
1476 1692 1596 1763 depingit
1608 1692 1634 1746 iu
1647 1701 1720 1745 actu.

163 1780 210 1836 Sic
226 1781 326 1849 diuisa,
342 1791 432 1839 timeri
459 1795 552 1840 manet
574 1786 691 1857 integra,
717 1804 867 1859 sparsaque
890 1801 950 1845 tair-
1000 1786 1102 1842 liarum
1117 1788 1204 1857 prima
1221 1788 1321 1852 studet,
1343 1796 1372 1841 ut
1386 1797 1459 1842 terno
1472 1784 1656 1854 praeambulus
1671 1784 1741 1849 axis,

821 1879 895 1951 [deni
1000 1878 1033 1932 Ei
1045 1880 1124 1948 quasi
1138 1879 1244 1933 uenturi
1257 1878 1380 1949 quaedam
1397 1876 1520 1948 praelatio
1537 1891 1645 1941 curius,

160 1963 240 2036 3!ss
256 1965 408 2034 Colligitur,
420 1963 519 2019 diffusa
533 1965 603 2019 redit
614 1981 676 2019 cum
690 1964 793 2022 iacuere
807 1969 903 2023 multo.
999 1967 1080 2038 342
1093 1966 1219 2031 Prodest,
1232 1976 1262 2021 ut
1281 1968 1348 2021 tanti
1362 1968 1397 2022 si:
1413 1981 1476 2035 pars
1492 1968 1620 2033 primarii
1634 1963 1748 2019 laboris.

161 2053 295 2126 liclegans
306 2056 398 2110 iulius
410 2056 438 2109 in
457 2069 518 2110 eam
533 2056 688 2124 mentisque
702 2057 833 2121 latcliras,
1001 2059 1046 2112 llla
1061 2058 1136 2128 vigil,
1153 2056 1288 2122 studiosa,
1303 2058 1399 2123 libens,
1414 2066 1527 2121 attenta,
1541 2054 1681 2120 laboraris,

159 2146 189 2200 ln
206 2148 280 2201 vultu
296 2146 370 2201 velut
385 2145 412 2200 in
428 2145 541 2215 speculo
552 2146 654 2201 chorus
665 2146 717 2202 iste
729 2163 858 2203 seierum
1000 2146 1145 2216 indulgens
1158 2147 1246 2217 operi,
1261 2156 1378 2200 mentem
1393 2146 1543 2200 deducitis
1557 2153 1660 2199 acturo.

159 2236 313 2306 Conspicit.
329 2234 457 2302 attendit,
473 2234 568 2300 discit,
583 2244 672 2301 notat,
692 2246 774 2306 atque
787 2238 912 2304 docetur,
998 2236 1058 2293 Nou
1075 2239 1168 2293 habitu
1182 2239 1256 2304 iilis,
1269 2253 1324 2293 nen
1337 2239 1413 2293 uultu
1429 2237 1550 2301 sordida,
1562 2245 1639 2307 gestu

160 2324 300 2395 Quidquid
329 2327 428 2384 charta
454 2334 538 2391 tenet,
557 2326 691 2396 quidquid
711 2343 790 2383 niens
817 2330 947 2400 concipit,
1000 2330 1131 2400 Degener,
1144 2330 1282 2401 incompta
1297 2330 1398 2395 veihis,
1413 2329 1455 2383 uel
1469 2330 1582 2384 barbara
1595 2328 1696 2384 iactis:

821 2420 915 2493 [audet
993 2422 1053 2485 ¹Sed
1069 2431 1160 2477 umen
1176 2423 1204 2476 in
1219 2422 1297 2477 rultir
1312 2419 1464 2491 prescribit
1478 2420 1556 2491 sigua
1570 2420 1673 2473 laboris

160 2509 267 2582 Linque
282 2510 368 2582 loqui,
385 2518 525 2580 totamque
542 2510 611 2567 bibit
626 2511 687 2566 siue
701 2510 755 2566 line
768 2513 906 2583 sophiam.
998 2513 1089 2569 Pallor
1102 2531 1110 2579 ;
1125 2513 1172 2570 sed
1185 2512 1323 2579 modicus,
1337 2513 1383 2582 qui
1400 2528 1453 2566 ιιοιι
1468 2511 1614 2581 proscribit
1624 2509 1652 2563 in
1666 2524 1714 2564 ore
1735 2508 1757 2540 ¹⁸

160 2603 237 2669 Quod
249 2618 346 2658 manus
359 2602 482 2667 artiileis,
499 2603 613 2672 picturis
627 2603 725 2672 gratia,
737 2600 806 2658 labri
998 2606 1154 2674 Purpureus
1165 2604 1251 2675 ignes.
1263 2603 1390 2673 niveique
1406 2603 1505 2659 caloris
1519 2603 1540 2634 ¹⁸
1551 2601 1696 2667 honorem,

159 2689 285 2756 Dextera,
299 2694 446 2764 sculptoris
464 2694 551 2749 solers
563 2692 698 2748 industris
715 2695 814 2765 poscit.
997 2694 1066 2748 Cum
1082 2694 1133 2749 llos
1149 2695 1288 2764 virgineus
1302 2710 1356 2750 noir
1371 2693 1518 2749 dederetur
1531 2692 1559 2747 in
1579 2692 1635 2758 illa,

160 2779 196 2836 Ui
208 2778 307 2838 'derriis
325 2785 412 2855 pingit
426 2787 528 2840 chorus
544 2783 599 2850 liic,
621 2792 650 2838 ut
664 2783 728 2839 diilo
743 2786 854 2857 ligurat,
997 2783 1053 2841 Nec
1067 2786 1209 2856 proprium
1223 2786 1324 2857 lrangit
1340 2785 1361 2818 ¹⁸
1379 2768 1492 2840 Veneris
1503 2784 1624 2840 [iactura
1636 2783 1782 2853 pudorem:

160 2869 195 2927 lit
209 2872 309 2928 Fabius
323 2875 456 2945 loquutur,
471 2887 501 2932 ut
513 2875 620 2935 Tullius
634 2880 692 2951 ipse
707 2892 831 2953 perorat,
999 2880 1070 2935 Sunt
1087 2890 1177 2936 taureu
1194 2880 1222 2934 iii
1235 2879 1322 2934 multe
1333 2878 1413 2934 lactis
1427 2886 1547 2934 torrente
1561 2885 1687 2932 nutantes

158 2963 194 3021 tii
206 2963 316 3022 Samius
331 2969 423 3034 sentit,
438 2969 510 3038 sapit
533 2980 563 3024 ut
590 2969 677 3039 Plato,
699 2975 799 3044 quaerit
819 2983 850 3030 ut
876 2973 979 3042 lies-c
995 2971 1131 3037 hlamiue,
1150 2969 1276 3025 subducti
1294 2970 1413 3024 mentita
1425 2968 1525 3024 damna
1538 2968 1661 3039 pudoris.

828 3063 909 3138 [mes,
997 3064 1067 3118 bum
1085 3062 1207 3131 suspirat
1218 3060 1308 3115 adhue
1318 3060 1445 3115 laetantis
1459 3061 1492 3113 ad
1506 3059 1590 3113 ubera
1603 3056 1711 3123 matris,

156 3146 258 3203 llividit
272 3156 303 3203 ut
315 3148 454 3220 Socrates,
472 3160 501 3207 ut
516 3152 591 3209 Zeno
604 3155 720 3224 colligit,
737 3156 822 3213 instat
996 3155 1130 3211 lnlaiitem
1144 3155 1216 3211 cibat
1230 3154 1281 3209 iste
1294 3152 1390 3220 cibus,
1405 3152 1563 3223 liquideque
1578 3151 1695 3216 leretur,

156 3235 307 3306 lltBrisso,
322 3242 413 3298 studet
428 3256 457 3298 ui
472 3243 589 3308 Crisias,
607 3247 767 3317 speculatur
789 3255 819 3300 ut
843 3246 944 3320 Argus,
996 3248 1082 3316 Quem
1102 3247 1219 3304 solidum
1239 3260 1294 3301 non
1319 3245 1408 3315 pascit
1434 3244 1534 3308 adhue,
1550 3244 1615 3298 duni
1629 3242 1727 3312 pocula
1741 3241 1785 3295 la·

155 3327 301 3401 Temporis
315 3349 451 3391 excursus
469 3344 499 3393 ut
514 3337 609 3393 (iasar
620 3339 705 3410 cogit,
724 3347 753 3394 iit
764 3338 842 3395 Atlas
1685 3333 1749 3407 [etis

156 3419 255 3476 Sidera
270 3426 416 3494 perquirit,
435 3436 465 3482 ut
479 3426 561 3485 Zetus
573 3429 696 3499 pondera
710 3430 802 3495 librat,
995 3433 1095 3490 Laeter
1109 3433 1211 3489 delibat
1222 3441 1300 3500 atas,
1313 3439 1435 3502 potuque
1447 3419 1499 3486 sub
1518 3445 1574 3484 uuo

154 3509 299 3581 Tanquam
310 3513 481 3585 Chrysippus
494 3526 631 3586 numerat,
646 3520 757 3576 multer
772 3531 802 3576 ut
813 3522 882 3578 alter
995 3526 1029 3581 Ei
1040 3527 1118 3582 cibus
1136 3534 1163 3581 et
1175 3534 1257 3594 petus
1271 3525 1299 3578 iri
1313 3523 1373 3579 solo
1389 3522 1459 3577 lacte
1473 3520 1594 3576 resudat.

155 3600 295 3670 Euclides,
311 3606 386 3660 cauit
398 3617 428 3662 iii
440 3608 572 3675 Phoebus,
593 3611 739 3666 citharizat
754 3624 785 3668 ui
806 3611 943 3684 Orpheus,
995 3616 1111 3686 Asperat
1123 3616 1168 3670 illa
1184 3629 1295 3670 marium
1308 3614 1425 3681 scutica,
1439 3629 1493 3683 qua
1508 3611 1585 3679 punit
1597 3611 1710 3680 abusus,

154 3692 279 3760 circinat
291 3705 321 3750 ut
332 3694 442 3765 Perdis,
456 3707 485 3753 ut
499 3698 624 3756 dedalus
642 3703 723 3773 erigii
740 3718 829 3770 arces,
995 3707 1071 3774 Quos
1083 3708 1117 3763 de
1131 3720 1207 3763 more
1220 3721 1272 3763 sue
1283 3704 1396 3775 puerilis
1411 3704 1542 3760 combibit
1556 3714 1635 3757 nias.

153 3781 281 3840 Fabricat
297 3793 326 3841 ut
338 3785 466 3859 Cyclops,
483 3796 513 3844 ut
526 3787 658 3846 Lemnius
669 3806 746 3848 arma
764 3804 894 3862 menetai,
996 3799 1162 3854 Verberibus
1174 3799 1215 3854 sic
1229 3808 1339 3868 asperat
1349 3799 1445 3862 ubera,
1461 3799 1575 3852 reiliera
1590 3788 1678 3852 mollit

153 3872 268 3931 lnstruit
283 3887 314 3933 ut
328 3876 442 3947 Seneca
458 3881 599 3938 blanditur
614 3884 767 3956 utllppius,
778 3897 857 3957 urget
995 3890 1132 3947 Uberibus
1146 3909 1153 3957 ;
1167 3889 1239 3946 laete
1254 3899 1331 3960 pater
1342 3899 1384 3945 cst
1394 3900 1422 3945 et
1437 3898 1524 3944 irater
1534 3890 1640 3943 cedema

153 3964 191 4022 tu
203 3965 282 4035 Cato,
294 3972 436 4027 succendit
450 3982 481 4028 ut
493 3974 587 4041 Curio,
605 3977 677 4032 relat
697 3986 727 4031 ut
737 3978 806 4034 alter
997 3982 1114 4039 Verbere
1130 3989 1289 4051 compensat
1303 3990 1419 4050 patrem,
1433 3981 1502 4051 gerit
1517 3979 1601 4035 ubere
1615 3990 1742 4038 matrem.

151 4054 275 4124 Persius,
292 4068 321 4115 ut
333 4061 450 4118 Crassus
462 4065 609 4133 simulans,
623 4076 654 4122 ut
664 4066 756 4123 Julius
768 4069 839 4124 alter
993 4074 1089 4131 Officio
1104 4073 1204 4144 scalpri
1217 4074 1302 4128 serait
1315 4088 1414 4128 manus
1432 4072 1527 4139 altera,
1545 4072 1639 4127 ileirtes

153 4145 345 4218 Dissimulaus,
363 4162 392 4207 ut
408 4153 520 4211 Solilius
532 4158 654 4228 implicat
671 4159 703 4224 ¹¹,
729 4160 849 4230 explieat
870 4159 941 4216 idem
994 4167 1106 4222 Liberat
1117 4182 1132 4220 a
1144 4165 1249 4232 scabie,
1261 4165 1326 4221 duni
1339 4164 1443 4219 buxum
1457 4164 1547 4219 dciitis
1560 4164 1588 4217 iu
1600 4164 1690 4232 ipsum

153 4235 190 4291 Ui
205 4235 289 4305 N²⁵02
302 4251 399 4296 uernat
413 4252 443 4297 ut
459 4242 576 4312 Statius,
589 4254 620 4300 ut
635 4244 712 4301 M³l⁰
722 4247 816 4302 ῑιῑΰῑιῑ·
993 4259 1082 4314 Vertit
1099 4259 1179 4326 ebur,
1192 4272 1345 4327 rursusque
1357 4271 1408 4313 sue
1421 4256 1539 4312 candore
1555 4262 1692 4311 ieiiiistil.

152 4327 289 4399 (Ῐθῐιιῑιῑῑι
303 4334 427 4402 exponit,
443 4334 578 4404 imitatur,
592 4346 692 4409 beslii·
705 4339 839 4409 ιΰῑῐῐψῑθῑ
955 4309 1041 4404 1'Vel
1057 4351 1079 4406 si
1093 4350 1162 4404 dens
1174 4349 1276 4420 aliquis
1290 4348 1408 4404 alierum
1422 4347 1456 4402 de
1471 4362 1552 4417 grege
1563 4347 1639 4403 selus

152 4416 281 4473 llercurii
300 4435 408 4488 seusus,
425 4427 512 4480 nostri
525 4425 718 4484 Demosthenis
733 4430 798 4497 iras,
992 4442 1096 4509 periei,
1110 4457 1254 4498 excessum
1267 4440 1318 4497 snb
1325 4440 1400 4511 jugia
1414 4441 1491 4495 lance
1506 4438 1613 4495 recidit,

152 4507 363 4613 θιῑιῑιῑιιϋιΰθῐι.
380 4511 483 4570 Lutatii
498 4514 611 4583 fulmen·
627 4518 757 4589 abyssum
991 4531 1113 4589 inientes
1127 4533 1208 4588 docet
1222 4532 1269 4588 illa
1282 4532 1369 4602 loqui,
1386 4531 1550 4603 linguasque
1563 4532 1661 4603 ligatas

152 4596 271 4670 v'ilibus
287 4618 399 4661 ¹¹¹⁰r⁸¹¹⁵
412 4604 526 4677 Saittai,
540 4607 651 4665 Solonis
667 4610 786 4681 asylum.
992 4619 1092 4691 Solvit,
1107 4632 1133 4678 et
1145 4623 1174 4679 in
1191 4623 1328 4693 propriam
1341 4622 1450 4678 deducit
1466 4623 1546 4677 rerba
1559 4633 1708 4681 muriciam.

150 4757 173 4814 Α
256 4765 262 4776 .
428 4697 567 4781 ,CAPUT
582 4698 645 4784 VH:
735 4774 740 4786 ‚
819 4777 824 4787 ,
901 4778 907 4788 ι
990 4712 1112 4771 Candida
1128 4713 1232 4771 Niliaco
1250 4714 1335 4771 restis
1350 4723 1477 4769 contenta
1489 4729 1594 4786 papyro

177 4767 229 4816 ries
242 4762 363 4820 liberales
378 4767 562 4836 designmuur.
584 4771 695 4827 Artibus
719 4772 873 4829 liberalibus
897 4792 939 4830 iri·

182 4829 308 4903 jungitur
327 4837 471 4905 edificatio
494 4856 587 4893 carius
609 4841 773 4898 Prudentia.
798 4844 939 4900 Graiumq-
1551 4898 1556 4910 .

188 4900 241 4954 ticu
256 4904 323 4972 [acii
333 4915 460 4962 tentonem
474 4911 500 4962 iu
516 4926 597 4963 curra
615 4910 779 4970 Prudentia.
797 4915 939 4970 Greuuriu·
990 4896 1090 4953 F⁰s¹¹¹³
1110 4907 1191 4953 ”⁰⁰⁰¹
1205 4918 1211 4954 ²
1226 4899 1316 4954 eunus
1328 4897 1424 4953 “³¹¹¹ae
1438 4899 1574 4954 mmmm
1589 4909 1672 4969 ΨΜ

990 4801 1079 4860 Vestis
1092 4820 1165 4874 cam,
1180 4806 1277 4860 lormec
1291 4820 1346 4860 non
1361 4805 1480 4860 detrahit
1491 4804 1548 4871 illa,
1568 4801 1669 4860 necilli

186 4971 248 5026 lice
264 4974 379 5042 tractes,
394 4975 582 5034 Grammaticis
592 4991 688 5036 natare
702 4994 727 5038 et
739 5002 813 5040 aias.
989 4988 1119 5055 Nectunt,
1135 4998 1160 5046 ct
1174 5006 1235 5047 sese
1250 4991 1362 5061 proprie
1377 5001 1544 5048 uenerantur
1555 4992 1669 5045 honore.

151 5056 225 5130 Ειιῡ
239 5059 359 5121 Minerua
372 5067 394 5099 ¹¹
408 5068 502 5127 ridens
513 5080 590 5127 tanto
603 5074 747 5141 splendore
760 5074 878 5147 Sopita,
990 5083 1119 5138 Vestibus
1133 5082 1176 5139 liis
1191 5083 1324 5155 inscripta
1339 5093 1463 5151 manent,
1487 5081 1625 5152 descripta
1645 5080 1777 5136 resultant

788 5185 908 5242 vntum
927 5186 1131 5244 Lucrtuues

171 5260 209 5341 ᾖ*
224 5260 277 5319 lis.
295 5263 340 5330 ti..
357 5267 404 5325 Sol
417 5271 482 5355 dum
497 5273 628 5358 duplicat.
682 5277 704 5311 ¹¹
718 5277 851 5347 dlinerva,
863 5280 1073 5352 disciplinarum
1087 5282 1152 5351 lira,
1167 5285 1248 5356 vulgo
1265 5285 1365 5343 Pallas.
1379 5286 1504 5341 Sumitur
1517 5284 1599 5340 etiam
1622 5299 1672 5356 pro
1696 5285 1775 5358 inge·

150 5333 688 5414 nie,relnatura,ut,irrritallinerra,
714 5348 817 5419 aliquid
852 5348 942 5407 lacero
965 5365 1134 5427 repugnante
1161 5365 1268 5412 natura.
1326 5357 1429 5425 ¹'ils.,
1455 5356 1490 5412 ab
1514 5370 1572 5411 ure.
1609 5354 1774 5430 fidetenus.

157 5398 301 5459 ¹¹Frenai.

912 5497 1029 5559 NOTAE.

187 5577 245 5653 (ab)
266 5579 419 5637 intellectui
436 5598 482 5640 seu
496 5583 681 5657 intelligentie.
701 5585 706 5592 ’
