3992 6042
231 227 268 286 tlt
871 221 979 281 slim
996 222 1042 280 llll
1058 219 1195 281 lusoriis
1817 227 1869 285 ¹00

231 351 292 399 tutu
301 341 411 400 deliciis
424 340 529 400 reierta
549 341 579 398 in
593 339 696 413 quibus
709 339 787 412 (quis
806 338 936 398 Chrimus
948 341 1025 397 dele·
1040 349 1063 405 A
1076 342 1150 414 quod
1162 339 1321 397 insinuatur
1332 338 1407 411 quod
1425 337 1556 396 diseretio
1581 336 1704 409 Virginis
1728 342 1868 397 contraria

230 442 322 491 cutus
334 434 387 503 εει)
398 432 512 489 luerunt
525 432 551 489 ei
576 431 657 503 quasi
686 430 770 486 ubera
796 444 813 486 a
834 431 936 501 ouibus
955 447 1025 489 cun-
1077 439 1138 488 erat
1152 430 1339 502 voluptatibus
1351 437 1379 486 ct
1392 429 1538 487 illecebris.

232 522 317 578 traxit
329 523 489 594 specialiter
501 530 530 579 ει
553 520 738 594 iucunditatis
750 528 778 577 ει
802 520 961 581 dilectionis
976 540 1026 595 pa·
1112 519 1199 592 Caput
1212 528 1286 575 taam
1300 527 1329 574 ut
1341 517 1494 587 Carmelus,
1506 528 1532 574 et
1549 533 1633 573 comoe
1641 518 1738 588 capitis
1749 521 1789 574 tai
1802 520 1871 576 sicet

233 614 310 672 buln.
334 614 383 672 llla
408 614 522 672 luerunt
545 614 628 686 qussi
657 614 763 669 dinasli
791 629 905 684 sspreoe.
919 614 1026 686 Caprea
1077 628 1196 682 purpura
1214 609 1551 683 repisjanctacanalilss.

231 708 361 766 Christus
378 718 431 777 est,
451 707 518 780 guia
531 708 605 764 sicut
622 706 727 763 animal
749 706 816 763 illud
828 707 1027 779 perspicuitate
1113 702 1260 762 Carmelus
1274 704 1322 776 qui
1348 712 1377 759 et
1398 701 1525 759 Clrermcl
1550 701 1652 760 dicitur
1667 717 1750 761 mons
1771 713 1825 773 εει,
1845 717 1873 763 ει

232 798 351 857 intuitus
378 799 527 872 insignitur
540 806 568 855 ει
579 798 607 853 in
622 782 687 855 altis
708 807 908 867 commoratur,
921 800 962 855 aie
977 798 1027 856 liei
1079 796 1274 867 interpretatur
1303 797 1419 867 cognitio
1444 795 1657 851 circumcisionis
1676 803 1704 852 ει
1732 796 1870 869 significat

231 888 321 947 Filius
334 890 362 946 in
378 889 539 947 coelestibus
553 883 812 956 habitatet'omnia
827 905 877 946 sua
892 890 1027 962 sapientia
1078 887 1221 945 corissum
1245 888 1295 960 qui
1315 903 1381 943 sera
1396 886 1610 944 circumcisione
1622 886 1718 944 lideles
1743 903 1810 945 suos
1836 890 1872 945 alr

233 990 368 1054 penetrat.
382 979 473 1053 liujus
493 979 551 1037 duo
565 979 674 1037 hinnuli
689 989 869 1052 surrtcorpus
882 991 910 1037 et
934 982 1028 1038 anime
1079 980 1211 1036 omnibus
1234 979 1308 1035 ritirs
1330 977 1530 1035 circumcidere
1554 978 1642 1033 norit.
1663 976 1696 1033 Et
1720 986 1764 1035 cst
1789 988 1873 1048 cartul

232 1073 1028 1145 Clerist13guiasieutbinnuliacapreaproceduutncc
1080 1070 1212 1143 Virginis,
1237 1069 1319 1141 cujus
1347 1084 1435 1127 come
1462 1077 1528 1125 sunt
1547 1084 1645 1125 omnes
1676 1069 1781 1126 lideles.
1805 1068 1873 1137 Quae

233 1163 269 1218 ab
293 1178 327 1219 ea
356 1162 500 1232 recedunt,
515 1163 572 1221 imo
599 1164 684 1220 etiam
710 1164 882 1222 comitentur
912 1167 1029 1238 ejusque
1080 1163 1721 1235 comatinctaesuntsicutpsrpuraruginorula
1738 1164 1873 1235 sanguine

234 1255 368 1311 uberibus
384 1255 534 1326 lactantur,
549 1256 591 1313 sic
611 1271 677 1313 caro
690 1256 795 1313 Christi
806 1258 842 1314 ab
868 1258 929 1329 ipso
947 1259 1030 1315 Chri·
1079 1258 1139 1314 seri
1162 1256 1235 1328 regis
1258 1256 1435 1312 decorantur.
1449 1252 1549 1309 daneta
1563 1253 1713 1310 canalibus.
1729 1252 1783 1309 Pcr
1801 1270 1871 1325 pur·

233 1355 277 1402 sto
291 1345 409 1402 iormata
422 1346 675 1419 animaqucercata
690 1348 780 1419 ipsum
792 1359 950 1420 mquuotur
960 1366 1030 1406 eun·
1080 1366 1179 1422 puram
1206 1348 1310 1406 Christi
1338 1347 1442 1419 passio,
1466 1362 1516 1418 pcr
1535 1347 1648 1403 canales
1663 1347 1748 1402 corda
1776 1356 1872 1402 nostra

232 1446 288 1493 tem
306 1438 336 1493 in
348 1438 460 1506 eoelunn
475 1447 503 1495 ει
524 1439 561 1495 ab
578 1439 712 1496 uberibus
732 1440 886 1498 divinitatis
900 1441 963 1511 eius
981 1442 1031 1498 de-
1081 1442 1282 1513 signiticaumr.
1298 1440 1379 1509 Quia,
1398 1440 1470 1498 sicut
1482 1455 1531 1511 per
1549 1439 1659 1495 canales
1683 1453 1755 1509 notra
1770 1439 1872 1496 decur-

233 1527 400 1585 lectabiliter
417 1538 571 1600 pascuntur
583 1530 616 1585 ⁹⁸.
631 1530 734 1588 Praetsr
747 1533 805 1588 bec
819 1532 913 1589 omnia
1081 1549 1142 1591 rere
1156 1534 1286 1601 caletica
1301 1549 1348 1605 per
1368 1531 1453 1589 corda
1469 1540 1564 1587 trustra
1577 1532 1755 1601 compunctio
1768 1545 1804 1588 es
1827 1547 1872 1588 re·

269 1618 375 1676 Collum
390 1634 467 1679 taum
481 1623 551 1678 sicut
572 1624 655 1678 turris
667 1622 792 1680 eburnea.
1081 1626 1242 1683 cordatione
1254 1625 1392 1696 passionis
1414 1623 1530 1681 Christi.
1547 1621 1677 1693 iungitur
1692 1622 1785 1693 itaque
1805 1638 1873 1694 pur·

267 1711 296 1770 ld
311 1724 365 1780 est,
380 1714 505 1773 doctrina
517 1726 564 1774 tua
579 1732 635 1789 uua
649 1718 807 1776 instruxisti
831 1720 1026 1792 evangelistas,
1043 1711 1149 1788 Bpura
1162 1719 1245 1791 regis,
1260 1718 1343 1774 idest
1356 1716 1450 1788 passio
1476 1715 1580 1772 Christi
1597 1715 1752 1784 canalibus,
1778 1716 1805 1771 id
1829 1727 1873 1773 est

233 1805 286 1865 tait
299 1808 380 1865 drms
393 1818 421 1867 et
435 1810 464 1867 in
477 1812 554 1868 nullu
579 1813 725 1881 vacillans,
743 1813 772 1868 io
793 1813 871 1869 nullo
885 1813 1027 1883 dubitans,
1078 1809 1231 1866 humilibus
1254 1808 1386 1865 cordibus
1402 1807 1515 1874 nostris,
1541 1806 1654 1879 quando
1676 1806 1745 1878 ipsis
1767 1807 1872 1862 intimis

233 1899 397 1971 simpliciter
416 1902 530 1970 docens,
549 1903 619 1959 nihil
655 1904 786 1961 salsitatis
810 1905 979 1973 admiscens,
1000 1914 1029 1961 et
1078 1899 1212 1956 cordibus
1226 1900 1331 1955 uostris
1346 1914 1411 1954 scra
1425 1898 1562 1954 clraritste
1574 1894 1685 1954 cbristo
1700 1911 1782 1968 passo
1795 1912 1872 1952 com-

233 1989 262 2046 in
287 1992 363 2048 omni
387 1994 536 2049 sanctitate
562 2002 590 2049 et
613 1995 798 2051 sanctimonia
826 1995 940 2052 docens.
953 1994 1029 2051 Ebur
1078 1990 1219 2062 patimur,
1237 1989 1315 2061 quia,
1350 1989 1374 2046 si
1398 1989 1592 2060 compatimur,
1604 1996 1632 2044 st
1642 1986 1872 2060 conregnabimus

232 2082 307 2139 enim
326 2085 482 2142 castitatem
497 2093 526 2141 ει
535 2085 702 2142 munditiam
726 2086 755 2142 in
770 2085 923 2158 Scripturis
940 2087 1029 2160 signi·
1078 2079 1107 2155 (1
1110 2080 1125 2136 1
1136 2081 1206 2137 Tim·
1216 2080 1302 2149 lli-El
1312 2080 1374 2138 5¹¹00
1389 2099 1397 2137 ²

233 2173 306 2232 deut.
323 2173 459 2232 Similiter
1114 2174 1201 2240 Quam
1217 2171 1329 2243 paleira
1347 2189 1374 2229 es
1388 2181 1414 2228 st
1431 2188 1513 2244 paam
1527 2171 1635 2241 decora,
1656 2172 1825 2237 clarissima,
1843 2172 1872 2227 in

267 2264 320 2339 ss
336 2266 414 2323 Oculi
428 2270 467 2323 tui
482 2269 552 2326 sicat
565 2270 674 2342 piscina
687 2270 715 2325 in
731 2269 863 2341 Roscios,
880 2286 955 2342 puta·
966 2279 1028 2326 suot
1079 2268 1201 2324 deliciis!

232 2358 261 2414 in
271 2368 350 2429 porto
362 2359 427 2429 filie
440 2360 631 2418 multitudinis.
1115 2360 1204 2426 Quam
1220 2360 1334 2432 pulclrra
1349 2376 1378 2416 es
1392 2361 1514 2418 exterius
1527 2376 1576 2432 per
1593 2361 1711 2419 activam
1726 2360 1828 2427 vitam,
1846 2368 1872 2414 rt

267 2448 477 2521 Oculilirginis
490 2453 620 2509 dicuntur
630 2454 685 2510 rita
699 2455 1029 2528 consuescendum
1078 2467 1159 2523 quom
1172 2450 1270 2506 decom
1293 2451 1409 2507 interius
1422 2466 1471 2521 per
1488 2450 1748 2521 contemplativam!
1769 2449 1872 2505 claris·

232 2542 334 2608 acuns,
347 2541 376 2597 in
389 2558 510 2614 quarum
526 2543 613 2602 altera
628 2547 735 2603 scilicet
747 2548 848 2617 actius,
859 2547 935 2605 sidet
960 2547 1028 2618 quid
1079 2545 1149 2600 εἰιιιιι
1160 2544 1189 2601 ln
1203 2543 1322 2614 deliciis,
1338 2543 1366 2599 id
1376 2553 1419 2602 est
1431 2544 1460 2600 in
1478 2542 1626 2601 dilectione
1641 2542 1689 2600 liei
1701 2551 1729 2598 et
1740 2542 1870 2614 prosimu

233 2632 370 2704 agendum
385 2650 394 2701 3
426 2635 455 2689 in
472 2634 558 2692 alters
575 2637 704 2695 uidelicet
719 2639 943 2712 contemplativa,
960 2639 1028 2710 quid
1078 2635 1145 2706 quia

234 2720 415 2793 diligendum.
447 2722 510 2781 lstte
527 2737 726 2797 comparantur
757 2730 972 2802 piscinis3quia
1001 2739 1030 2787 et
1115 2723 1228 2782 Statura
1244 2734 1291 2783 tua
1315 2725 1469 2782 assimilata
1484 2734 1524 2780 est
1543 2723 1651 2795 palmae,
1674 2731 1699 2777 et
1721 2722 1802 2778 alera
1824 2729 1871 2776 tua

233 2811 374 2885 Virginem
389 2816 529 2887 spirituali
544 2818 696 2877 relectione
707 2822 821 2891 satiant,
840 2832 896 2880 eta
917 2824 1028 2880 macula
1079 2817 1174 2874 teres.

232 2907 339 2977 peccati
354 2907 483 2966 liberant.
494 2909 543 2967 llae
565 2920 631 2967 sunt
644 2912 674 2967 in
689 2911 850 2981 fleutomid
863 2922 909 2972 est
925 2914 953 2971 iu
969 2915 1029 2970 cln-
1115 2910 1210 2968 Palma
1226 2910 1367 2968 horridam
1381 2908 1529 2981 quamdam
1546 2908 1666 2965 radicem
1680 2908 1771 2974 babet,
1788 2921 1871 2977 aspe-

232 2997 297 3071 gadu
320 3001 465 3059 meroris:
484 3002 544 3059 liare
566 3004 641 3061 enirn
671 3014 716 3061 cst
739 3006 928 3078 interpretatio
945 3007 1029 3079 hujus
1079 3019 1143 3059 rum
1155 3003 1299 3070 corticem,
1312 3003 1421 3059 roboris
1438 3003 1607 3069 lamuelem,
1627 3000 1728 3072 stipitis
1747 2998 1872 3070 proceri·

234 3088 368 3145 nominis.
386 3088 471 3162 Virgo
491 3092 566 3148 enirn
589 3096 773 3165 quantumad
796 3098 916 3155 aeduam
940 3099 1026 3155 sitam
1079 3101 1175 3161 tatem,
1194 3093 1309 3165 pulclna
1333 3095 1361 3150 in
1379 3094 1510 3162 culmine.
1537 3094 1708 3151 delectabilis
1731 3092 1761 3148 in
1786 3091 1871 3160 llere,

233 3180 352 3237 uallatur
364 3181 479 3254 cingulo
501 3185 642 3256 moeroris,
656 3203 706 3259 pro
720 3189 903 3248 diuturnitate
923 3191 1028 3248 laboris
1080 3189 1170 3246 dulcis
1185 3189 1214 3245 in
1233 3187 1453 3247 fructificatione.
1470 3187 1548 3244 Solet
1568 3189 1651 3244 etiam
1669 3183 1771 3242 delent
1783 3183 1811 3238 in
1831 3181 1872 3241 si·

232 3280 262 3327 ει
272 3272 401 3344 nisena,
412 3284 440 3331 et
450 3286 584 3348 quantum
595 3279 630 3334 nd
641 3282 882 3353 contemplativam
895 3297 946 3353 pro
957 3283 1029 3339 dila·
1079 3297 1163 3353 gnum
1176 3281 1308 3338 uictoria.
1323 3280 1435 3336 Statura
1453 3294 1519 3353 ergo
1538 3278 1656 3350 Virginis
1668 3278 1804 3350 gloriose,
1815 3274 1871 3348 42

233 3361 308 3419 dune
320 3364 428 3434 patrie.
445 3364 513 3431 Qasr
522 3367 635 3435 piscina
647 3379 710 3425 sunt
724 3371 753 3424 in
774 3380 854 3441 porto
871 3371 936 3441 filiae
957 3373 1029 3428 mal-
1079 3371 1163 3428 idest
1179 3371 1320 3442 processio
1334 3373 1397 3427 ritae
1415 3373 1476 3443 ejus
1501 3371 1671 3428 assimilatur
1685 3369 1792 3441 palmae.
1807 3367 1868 3439 lpse

233 3453 367 3511 titudinis.
398 3453 502 3513 Sancta
530 3456 654 3514 Ecclesia
682 3469 757 3517 recte
780 3461 882 3517 (licitur
902 3463 1030 3520 multitu·
1079 3463 1154 3519 enim
1170 3463 1307 3534 processit
1317 3463 1351 3519 de
1366 3462 1460 3521 radice
1471 3463 1595 3529 horrida,
1615 3462 1642 3517 id
1657 3471 1699 3517 cst
1713 3460 1748 3516 de
1769 3474 1869 3530 pecca·

233 3549 307 3608 dinis
325 3550 393 3619 illis,
411 3549 478 3622 guia
503 3553 732 3611 numerositatem
758 3555 879 3627 gentium
904 3557 1029 3628 quotidie
1079 3554 1148 3611 trice
1163 3553 1311 3627 synagoga
1328 3563 1458 3625 tanlquam
1473 3555 1507 3611 de
1530 3554 1609 3624 spina
1634 3568 1709 3609 rosa.
1733 3553 1871 3623 Asperum

232 3642 348 3712 colligit.
363 3640 428 3699 llaec
438 3650 519 3713 ports
531 3652 577 3700 cst
590 3644 658 3702 lldss
672 3645 718 3702 rel
732 3646 872 3704 lavacrum
886 3647 1027 3719 baptismi,
1079 3645 1329 3713 babuitcorticem,
1340 3649 1551 3717 quiaquantum
1565 3647 1598 3703 ad
1613 3645 1771 3704 saculmem
1784 3646 1871 3700 borro-

233 3750 283 3807 per
307 3734 381 3806 quod
402 3741 477 3805 patet
493 3735 586 3793 aditus
612 3737 641 3793 iu
658 3736 809 3795 Ecclesiam
824 3737 883 3795 liei.
901 3737 932 3795 ln
949 3749 1028 3811 porta
1078 3752 1139 3794 rem
1166 3736 1219 3794 luit
1238 3738 1329 3806 urna,
1350 3748 1486 3810 quantum
1509 3739 1667 3795 addititias
1694 3738 1869 3808 temporales,

232 3843 301 3900 ergo
318 3828 381 3884 llliae
392 3828 579 3887 multitudinis
594 3839 660 3888 sunt
673 3833 735 3889 istac
751 3832 883 3904 piscium
900 3833 967 3905 quia
979 3849 1028 3906 per
1079 3832 1248 3903 paupercula
1261 3849 1269 3900 ;
1286 3833 1333 3888 sed
1345 3831 1500 3887 firmitatem
1513 3832 1610 3887 babuit
1620 3831 1729 3888 roboris
1742 3845 1789 3901 per
1802 3845 1870 3885 con-

236 3919 320 3977 ddem
347 3919 480 3978 Ecclesia
503 3933 701 3997 comparantur
734 3925 873 3996 predicta
904 3927 976 3983 uitas.
1004 3924 1028 3982 A
1078 3925 1209 3981 stantiam
1224 3926 1334 3981 mentis.
1351 3923 1448 3981 Erecta
1463 3923 1516 3981 luit
1526 3925 1554 3981 ln
1565 3925 1667 3995 stipite,
1678 3925 1744 3996 quia
1757 3924 1792 3979 ad
1809 3938 1868 3980 cte·

233 4013 339 4070 simili:
1079 4015 1136 4072 lum
1150 4030 1286 4086 suspensa
1299 4016 1384 4071 autimi
1397 4015 1560 4072 intentione.

270 4105 363 4163 Nasus
394 4116 455 4166 tuas
491 4108 561 4164 sicut
586 4110 670 4165 turris
694 4109 808 4180 lilani,
834 4127 895 4183 pace
920 4112 1027 4183 rupicis
1114 4105 1234 4163 Pulchra
1246 4108 1274 4163 in
1286 4107 1417 4175 eulmine,
1434 4108 1462 4163 in
1482 4107 1648 4180 uirginitatis
1662 4114 1690 4161 ει
1701 4104 1867 4161 humilitatis

233 4209 327 4255 eontra
341 4198 516 4256 damascum.
1078 4198 1253 4263 celsitudine,
1268 4197 1439 4254 delectabilis
1454 4199 1482 4253 in
1494 4197 1576 4264 ilure;
1595 4197 1660 4268 quia
1682 4195 1743 4251 sine
1762 4209 1868 4249 εοιιειι-

269 4289 323 4347 Ρει
347 4305 446 4348 nasum
474 4292 610 4363 liguratur
637 4290 761 4367 Virginis
792 4294 942 4364 discretio,
971 4311 1027 4368 qua
1080 4287 1212 4361 piscentia
1228 4287 1462 4358 concepitllurem
1486 4289 1588 4360 campi,
1607 4287 1737 4345 etlilium
1753 4286 1868 4342 consal-

233 4383 409 4440 discernebat
420 4383 535 4440 lotorem
560 4386 692 4442 uitiorum
712 4386 748 4442 ab
771 4388 857 4445 odore
879 4380 1269 4445 sirmium.1tlium.llulcis
1294 4381 1322 4437 ln
1350 4379 1575 4449 ΐῐῑιῡῑῐίῑθέῑῑθῃθ»
1589 4382 1655 4453 ‘1⁰5²
1684 4382 1745 4438 ⁸5⁰⁰
1764 4381 1869 4451 ΜΓ

234 4473 305 4531 lline
319 4476 353 4509 ¹⁸·
378 4485 556 4548 comparatur
582 4479 653 4534 turri
677 4477 786 4548 libani,
802 4481 868 4552 quia
891 4493 1023 4553 tanquam
1079 4473 1184 4544 peperit
1194 4474 1288 4530 mundi
1302 4472 1522 4546 Redemptorem.
1539 4474 1601 4532 llaec
1610 4475 1690 4530 nobis
1706 4473 1870 4545 proponitur

233 4566 320 4623 turris
343 4567 526 4625 defendebat¹
549 4569 585 4625 ab
613 4570 773 4629 incursibus
802 4574 1023 4646 malignantium,
1081 4568 1230 4640 insignum
1242 4568 1364 4624 uictoriae
1374 4579 1401 4625 ει
1411 4569 1578 4640 exemplum,
1588 4575 1629 4634 ut,
1645 4569 1717 4623 sicut
1731 4567 1791 4636 ipsa
1802 4565 1869 4620 sicit

234 4658 269 4715 Et
278 4660 348 4716 bene
362 4662 431 4717 turri
443 4660 543 4717 Libani
568 4663 669 4720 similis
683 4664 796 4722 dicitur.
809 4663 933 4721 Libanus
949 4666 1024 4722 enim
1080 4660 1225 4725 muudum,
1240 4659 1552 4729 mlumsdltbolllffis
1569 4659 1607 4714 1¹²
1620 4667 1647 4713 et
1659 4671 1711 4713 ¹¹0⁸
1724 4656 1869 4711 idwinus

155 4735 163 4747 ’
234 4751 391 4807 candidatio
407 4751 612 4824 interpretatur,
627 4755 693 4825 guia
720 4771 781 4812 eam
806 4757 926 4813 candore
940 4759 1026 4830 uirgi-
1077 4750 1155 4822 justa
1169 4766 1251 4823 posse
1267 4760 1405 4808 nostrum.
1419 4750 1455 4805 Et
1468 4753 1549 4807 alera
1561 4760 1607 4806 tao
1619 4750 1719 4818 botris,
1739 4748 1821 4819 qula,
1839 4758 1867 4804 ut

234 4842 331 4899 nitatis
343 4845 508 4901 venustabat
527 4854 555 4902 ει
565 4856 663 4904 contra
678 4848 745 4904 uitia
770 4848 944 4907 defendebat.
960 4849 1025 4908 llaec
1078 4847 1206 4917 superius
1221 4846 1353 4914 diximus,
1369 4846 1455 4902 ubera
1470 4846 1564 4903 llariae
1574 4844 1706 4900 dicuntur
1722 4844 1867 4915 uirginitas

234 4945 329 4991 contra
340 4934 507 4994 Damascum
519 4940 775 5015 respiceredipitur.
784 4940 936 5000 Damascus
948 4943 1023 4998 enim
1077 4948 1105 4995 et
1121 4939 1273 5006 humilitas,
1299 4941 1326 4993 in
1352 4940 1455 5010 quibus
1473 4939 1625 4996 delectatus
1646 4947 1689 4995 est
1714 4938 1864 4994 Christus:

233 5026 372 5096 unguinis
384 5035 462 5096 potus
477 5027 519 5083 rel
537 5031 676 5101 sanguinis
695 5032 788 5088 oculus
815 5033 1024 5106 interpretatur,
1078 5046 1139 5103 quas
1153 5030 1234 5087 trobis
1258 5032 1398 5102 proposita
1418 5042 1483 5089 sunt
1501 5034 1537 5089 ad
1557 5032 1765 5090 inlurmandum
1781 5043 1809 5090 ει
1821 5033 1865 5087 iu·

234 5114 298 5175 ideo
316 5116 454 5189 signillcat
475 5121 631 5192 voluptates
645 5132 673 5181 st
687 5123 830 5182 illecebras
852 5125 955 5192 caruis,
975 5141 1025 5197 per
1077 5123 1239 5180 struendum
1255 5132 1286 5179 ut
1299 5139 1450 5195 moramur
1471 5127 1584 5198 uestigia
1612 5127 1684 5199 ejus.
1700 5126 1735 5183 Et
1754 5141 1866 5197 comps·

880 5280 998 5337 inlllAE
1018 5280 1218 5339 lbertouss.

233 5422 257 5457 ”
272 5423 326 5481 lis.
343 5423 434 5482 Villae
449 5428 492 5483 lic
512 5428 655 5500 adjungit:
668 5443 740 5499 otras
754 5444 895 5500 nunquam
918 5429 1025 5487 dimisit
1045 5445 1079 5486 cx
1102 5444 1159 5501 quo
1174 5407 1334 5497 assumpsit,
1351 5425 1482 5497 quidquid
1495 5427 1569 5483 enim
1584 5427 1651 5485 boni
1669 5428 1752 5484 lmbst
1772 5423 1864 5481 anina

232 5494 275 5549 sel
289 5508 366 5562 caro,
380 5497 490 5554 habeta
508 5497 556 5554 liei
569 5496 670 5554 Verbo.
689 5499 736 5556 Sic
752 5515 782 5555 er
800 5514 828 5565 o,
844 5501 897 5556 duo
917 5500 1000 5557 alera
1016 5500 1147 5571 Virginis,
1167 5508 1233 5557 ειιιιι
1252 5500 1321 5553 sicat
1348 5502 1401 5554 duo
1413 5498 1518 5552 diurnali
1533 5515 1621 5570 capre
1647 5500 1720 5568 quod
1736 5495 1819 5566 illigo
1836 5511 1864 5550 m

234 5577 351 5632 corpore
362 5571 389 5620 ει
403 5568 494 5623 animo
508 5569 618 5639 corpori
629 5577 657 5624 ει
670 5569 770 5627 atrimae
783 5517 890 5630 desisti
903 5583 947 5630 est
959 5570 1141 5629 conformata.
1175 5566 1381 5647 '‘llis-,bec
1416 5567 1667 5638 ¹idcmms.,cam
1688 5567 1862 5626 delcrsdcbat.

270 5633 279 5664 ⁸
294 5629 369 5705 lis,
382 5650 431 5725 pra
445 5651 526 5708 poena
545 5639 745 5726 balet-dolore.
