<?xml version="1.0" encoding="UTF-8"?>
<!DOCTYPE html PUBLIC "-//W3C//DTD XHTML 1.0 Transitional//EN"
    "http://www.w3.org/TR/xhtml1/DTD/xhtml1-transitional.dtd">
<html xmlns="http://www.w3.org/1999/xhtml" xml:lang="en" lang="en">
 <head>
  <title>
</title>
<meta http-equiv="Content-Type" content="text/html;charset=utf-8" />
  <meta name='ocr-system' content='tesseract 3.04.00' />
  <meta name='ocr-capabilities' content='ocr_page ocr_carea ocr_par ocr_line ocrx_word'/>
</head>
<body>
  <div class='ocr_page' id='page_1' title='image "./patrologiaecurs127migngoog/patrologiaecurs127migngoog_0018.png"; bbox 0 0 3992 6042; ppageno 0'>
   <div class='ocr_carea' id='block_1_1' title="bbox 853 108 1222 170">
    <p class='ocr_par' dir='ltr' id='par_1_1' title="bbox 853 108 1222 170">
     <span class='ocr_line' id='line_1_1' title="bbox 853 108 1222 170; baseline 0 -3"><span class='ocrx_word' id='word_1_1' title='bbox 853 108 994 170; x_wconf 74' lang='lat' dir='ltr'><strong>manus</strong></span> <span class='ocrx_word' id='word_1_2' title='bbox 1013 111 1058 167; x_wconf 81' lang='lat' dir='ltr'><strong>DE</strong></span> <span class='ocrx_word' id='word_1_3' title='bbox 1077 109 1222 169; x_wconf 74' lang='lat' dir='ltr'><strong>tusutts</strong></span> 
     </span>
    </p>
   </div>
   <div class='ocr_carea' id='block_1_2' title="bbox 679 254 1386 265">
    <p class='ocr_par' dir='ltr' id='par_1_2' title="bbox 679 254 1386 265">
     <span class='ocr_line' id='line_1_2' title="bbox 679 254 1386 265; baseline -0.003 -3"><span class='ocrx_word' id='word_1_4' title='bbox 679 254 848 260; x_wconf 75' lang='lat'><strong>——---—-—</strong></span> <span class='ocrx_word' id='word_1_5' title='bbox 879 256 1025 265; x_wconf 63' lang='lat'>-—..-—„-.</span> <span class='ocrx_word' id='word_1_6' title='bbox 1044 255 1386 263; x_wconf 72' lang='lat'><strong>--.-—..-—-—.-—..</strong></span> 
     </span>
    </p>
   </div>
   <div class='ocr_carea' id='block_1_3' title="bbox 309 369 1765 1089">
    <p class='ocr_par' dir='ltr' id='par_1_3' title="bbox 309 369 1765 1089">
     <span class='ocr_line' id='line_1_3' title="bbox 309 369 1765 567; baseline 0.001 -6"><span class='ocrx_word' id='word_1_7' title='bbox 309 403 437 561; x_wconf 82' lang='lat' dir='ltr'><strong>uu</strong></span> <span class='ocrx_word' id='word_1_8' title='bbox 495 369 814 565; x_wconf 76' lang='lat' dir='ltr'><strong>orent</strong></span> <span class='ocrx_word' id='word_1_9' title='bbox 868 408 1338 566; x_wconf 77' lang='lat' dir='ltr'><strong>urunt-ue</strong></span> <span class='ocrx_word' id='word_1_10' title='bbox 1393 404 1765 567; x_wconf 81' lang='lat' dir='ltr'><strong>insutis</strong></span> 
     </span>
     <span class='ocr_line' id='line_1_4' title="bbox 746 701 1340 836; baseline 0 -6"><span class='ocrx_word' id='word_1_11' title='bbox 746 701 1340 836; x_wconf 83' lang='lat' dir='ltr'><strong>PROLEGOMENA</strong></span> 
     </span>
     <span class='ocr_line' id='line_1_5' title="bbox 558 957 1538 1089; baseline 0.002 -16"><span class='ocrx_word' id='word_1_12' title='bbox 558 959 927 1075; x_wconf 77' lang='lat' dir='ltr'><strong>tibtttottts</strong></span> <span class='ocrx_word' id='word_1_13' title='bbox 968 957 1538 1089; x_wconf 81' lang='lat' dir='ltr'><strong>ANTUERPlENSlS</strong></span> 
     </span>
    </p>
   </div>
   <div class='ocr_carea' id='block_1_4' title="bbox 980 1161 1103 1202">
    <p class='ocr_par' dir='ltr' id='par_1_4' title="bbox 980 1161 1103 1202">
     <span class='ocr_line' id='line_1_6' title="bbox 980 1161 1103 1202; baseline -0.008 0"><span class='ocrx_word' id='word_1_14' title='bbox 980 1161 1103 1202; x_wconf 75' lang='lat' dir='ltr'><strong>curantr:</strong></span> 
     </span>
    </p>
   </div>
   <div class='ocr_carea' id='block_1_5' title="bbox 493 1290 1590 1407">
    <p class='ocr_par' dir='ltr' id='par_1_5' title="bbox 493 1290 1590 1407">
     <span class='ocr_line' id='line_1_7' title="bbox 493 1290 1590 1407; baseline 0 -4"><span class='ocrx_word' id='word_1_15' title='bbox 493 1290 586 1403; x_wconf 85' lang='lat' dir='ltr'><strong>tt.</strong></span> <span class='ocrx_word' id='word_1_16' title='bbox 625 1291 715 1403; x_wconf 78' lang='lat' dir='ltr'><strong>D·</strong></span> <span class='ocrx_word' id='word_1_17' title='bbox 757 1291 1121 1407; x_wconf 67' lang='lat' dir='ltr'><strong>cuono</strong></span> <span class='ocrx_word' id='word_1_18' title='bbox 1157 1293 1278 1405; x_wconf 73' lang='lat' dir='ltr'><strong>DE</strong></span> <span class='ocrx_word' id='word_1_19' title='bbox 1315 1290 1590 1407; x_wconf 74' lang='lat' dir='ltr'><strong>WSGH</strong></span> 
     </span>
    </p>
   </div>
   <div class='ocr_carea' id='block_1_6' title="bbox 318 1497 1748 1588">
    <p class='ocr_par' dir='ltr' id='par_1_6' title="bbox 318 1497 1748 1588">
     <span class='ocr_line' id='line_1_8' title="bbox 318 1497 1748 1588; baseline 0.003 -33"><span class='ocrx_word' id='word_1_20' title='bbox 318 1497 447 1556; x_wconf 76' lang='lat' dir='ltr'><strong>rutotte</strong></span> <span class='ocrx_word' id='word_1_21' title='bbox 466 1499 621 1558; x_wconf 81' lang='lat' dir='ltr'><strong>COENOllif</strong></span> <span class='ocrx_word' id='word_1_22' title='bbox 642 1500 768 1558; x_wconf 73' lang='lat' dir='ltr'><strong>BEATAE</strong></span> <span class='ocrx_word' id='word_1_23' title='bbox 787 1500 910 1557; x_wconf 80' lang='lat' dir='ltr'><strong>tttdtAE</strong></span> <span class='ocrx_word' id='word_1_24' title='bbox 930 1500 975 1556; x_wconf 82' lang='lat' dir='ltr'><strong>bu</strong></span> <span class='ocrx_word' id='word_1_25' title='bbox 994 1500 1111 1570; x_wconf 73' lang='lat' dir='ltr'><strong>burits,</strong></span> <span class='ocrx_word' id='word_1_26' title='bbox 1131 1500 1257 1558; x_wconf 72' lang='lat' dir='ltr'><strong>SACRAE</strong></span> <span class='ocrx_word' id='word_1_27' title='bbox 1277 1499 1487 1559; x_wconf 69' lang='lat' dir='ltr'><strong>msutootm</strong></span> <span class='ocrx_word' id='word_1_28' title='bbox 1510 1498 1748 1588; x_wconf 70' lang='lat' dir='ltr'><strong>PROFESSORE.</strong></span> 
     </span>
    </p>
   </div>
   <div class='ocr_carea' id='block_1_7' title="bbox 229 1637 1851 2077">
    <p class='ocr_par' dir='ltr' id='par_1_7' title="bbox 229 1637 1851 2077">
     <span class='ocr_line' id='line_1_9' title="bbox 229 1637 1840 1714; baseline 0.002 -22"><span class='ocrx_word' id='word_1_29' title='bbox 229 1641 312 1707; x_wconf 69' lang='lat' dir='ltr'><strong>(silani</strong></span> <span class='ocrx_word' id='word_1_30' title='bbox 327 1638 407 1713; x_wconf 76' lang='lat' dir='ltr'><strong>ilagaf</strong></span> <span class='ocrx_word' id='word_1_31' title='bbox 418 1640 450 1689; x_wconf 89' lang='lat' dir='ltr'><strong>de</strong></span> <span class='ocrx_word' id='word_1_32' title='bbox 462 1640 560 1695; x_wconf 85' lang='lat' dir='ltr'><strong>lasutts.</strong></span> <span class='ocrx_word' id='word_1_33' title='bbox 572 1652 648 1714; x_wconf 77' lang='lat' dir='ltr'><strong>sacre</strong></span> <span class='ocrx_word' id='word_1_34' title='bbox 659 1639 794 1713; x_wconf 76' lang='lat' dir='ltr'><strong>tbeofqgtre</strong></span> <span class='ocrx_word' id='word_1_35' title='bbox 800 1638 930 1697; x_wconf 87' lang='lat' dir='ltr'><strong>Ductoris,</strong></span> <span class='ocrx_word' id='word_1_36' title='bbox 951 1645 1115 1703; x_wconf 70' lang='lat' dir='ltr'><strong>eognomnto</strong></span> <span class='ocrx_word' id='word_1_37' title='bbox 1127 1637 1300 1711; x_wconf 33' lang='lat' dir='ltr'><strong>,Uniucrratt&#39;n</strong></span> <span class='ocrx_word' id='word_1_38' title='bbox 1310 1654 1342 1692; x_wconf 85' lang='lat' dir='ltr'><strong>er</strong></span> <span class='ocrx_word' id='word_1_39' title='bbox 1357 1643 1463 1705; x_wconf 82' lang='lat' dir='ltr'><strong>glorioso</strong></span> <span class='ocrx_word' id='word_1_40' title='bbox 1482 1641 1580 1693; x_wconf 77' lang='lat' dir='ltr'><strong>Sebofa</strong></span> <span class='ocrx_word' id='word_1_41' title='bbox 1589 1642 1764 1711; x_wconf 73' lang='lat' dir='ltr'><strong>ecclesiastice</strong></span> <span class='ocrx_word' id='word_1_42' title='bbox 1781 1644 1840 1696; x_wconf 82' lang='lat' dir='ltr'><strong>ran</strong></span> 
     </span>
     <span class='ocr_line' id='line_1_10' title="bbox 258 1700 1851 1774; baseline 0.002 -21"><span class='ocrx_word' id='word_1_43' title='bbox 258 1704 348 1753; x_wconf 85' lang='lat' dir='ltr'><strong>slensts</strong></span> <span class='ocrx_word' id='word_1_44' title='bbox 361 1701 517 1752; x_wconf 67' lang='lat' dir='ltr'><strong>moderatore</strong></span> <span class='ocrx_word' id='word_1_45' title='bbox 529 1702 629 1751; x_wconf 79' lang='lat' dir='ltr'><strong>ltumdrs</strong></span> <span class='ocrx_word' id='word_1_46' title='bbox 638 1703 809 1774; x_wconf 79' lang='lat' dir='ltr'><strong>Cistercteusts</strong></span> <span class='ocrx_word' id='word_1_47' title='bbox 820 1702 941 1760; x_wconf 82' lang='lat' dir='ltr'><strong>conversi,</strong></span> <span class='ocrx_word' id='word_1_48' title='bbox 954 1701 1036 1773; x_wconf 86' lang='lat' dir='ltr'><strong>Opera</strong></span> <span class='ocrx_word' id='word_1_49' title='bbox 1048 1700 1158 1774; x_wconf 82' lang='lat' dir='ltr'><strong>morafta,</strong></span> <span class='ocrx_word' id='word_1_50' title='bbox 1173 1705 1321 1764; x_wconf 73' lang='lat' dir='ltr'><strong>paronettea</strong></span> <span class='ocrx_word' id='word_1_51' title='bbox 1334 1713 1360 1754; x_wconf 90' lang='lat' dir='ltr'><strong>et</strong></span> <span class='ocrx_word' id='word_1_52' title='bbox 1370 1706 1499 1765; x_wconf 82' lang='lat' dir='ltr'><strong>polemica,</strong></span> <span class='ocrx_word' id='word_1_53' title='bbox 1521 1718 1577 1766; x_wconf 78' lang='lat' dir='ltr'><strong>quae</strong></span> <span class='ocrx_word' id='word_1_54' title='bbox 1596 1706 1700 1774; x_wconf 76' lang='lat' dir='ltr'><strong>reperri</strong></span> <span class='ocrx_word' id='word_1_55' title='bbox 1749 1709 1851 1756; x_wconf 80' lang='lat' dir='ltr'><strong>tuerout</strong></span> 
     </span>
     <span class='ocr_line' id='line_1_11' title="bbox 258 1763 1850 1849; baseline 0.003 -38"><span class='ocrx_word' id='word_1_56' title='bbox 258 1777 361 1827; x_wconf 89' lang='lat' dir='ltr'><strong>qnorum</strong></span> <span class='ocrx_word' id='word_1_57' title='bbox 373 1767 493 1827; x_wconf 76' lang='lat' dir='ltr'><strong>pleraque</strong></span> <span class='ocrx_word' id='word_1_58' title='bbox 507 1776 573 1849; x_wconf 78' lang='grc' dir='ltr'><strong>ιιιιιιιΙ</strong></span> <span class='ocrx_word' id='word_1_59' title='bbox 585 1764 688 1825; x_wconf 84' lang='lat' dir='ltr'><strong>primum</strong></span> <span class='ocrx_word' id='word_1_60' title='bbox 700 1775 732 1812; x_wconf 85' lang='lat' dir='ltr'><strong>ex</strong></span> <span class='ocrx_word' id='word_1_61' title='bbox 744 1768 852 1825; x_wconf 79' lang='lat' dir='ltr'><strong>antiquis</strong></span> <span class='ocrx_word' id='word_1_62' title='bbox 864 1764 1035 1848; x_wconf 66' lang='lat' dir='ltr'><strong>manuscriptis</strong></span> <span class='ocrx_word' id='word_1_63' title='bbox 1050 1763 1174 1812; x_wconf 81' lang='lat' dir='ltr'><strong>codicibus</strong></span> <span class='ocrx_word' id='word_1_64' title='bbox 1192 1772 1263 1815; x_wconf 84' lang='lat' dir='ltr'><strong>eruta</strong></span> <span class='ocrx_word' id='word_1_65' title='bbox 1280 1766 1328 1815; x_wconf 89' lang='lat' dir='ltr'><strong>luof</strong></span> <span class='ocrx_word' id='word_1_66' title='bbox 1350 1766 1451 1822; x_wconf 78' lang='lat' dir='ltr'><strong>dantur:</strong></span> <span class='ocrx_word' id='word_1_67' title='bbox 1464 1766 1511 1819; x_wconf 84' lang='lat' dir='ltr'><strong>alia</strong></span> <span class='ocrx_word' id='word_1_68' title='bbox 1534 1767 1598 1828; x_wconf 78' lang='lat' dir='ltr'><strong>typls</strong></span> <span class='ocrx_word' id='word_1_69' title='bbox 1616 1773 1675 1815; x_wconf 80' lang='lat' dir='ltr'><strong>‹rtrm</strong></span> <span class='ocrx_word' id='word_1_70' title='bbox 1720 1770 1763 1823; x_wconf 85' lang='lat' dir='ltr'><strong>tta,</strong></span> <span class='ocrx_word' id='word_1_71' title='bbox 1773 1767 1850 1839; x_wconf 78' lang='lat' dir='ltr'><strong>eolla-</strong></span> 
     </span>
     <span class='ocr_line' id='line_1_12' title="bbox 258 1825 1850 1959; baseline 0.002 -22"><span class='ocrx_word' id='word_1_72' title='bbox 258 1825 1850 1959; x_wconf 53' lang='lat' dir='ltr'><strong>ttstftfftttttttt&#39;tibidistttttittinstititutis”titillentuerisimilius</strong></span> 
     </span>
     <span class='ocr_line' id='line_1_13' title="bbox 257 1945 1850 2022; baseline 0.004 -25"><span class='ocrx_word' id='word_1_73' title='bbox 257 1949 358 2011; x_wconf 88' lang='lat' dir='ltr'><strong>duplirt.</strong></span> <span class='ocrx_word' id='word_1_74' title='bbox 371 1949 519 2001; x_wconf 85' lang='lat' dir='ltr'><strong>Canetonum</strong></span> <span class='ocrx_word' id='word_1_75' title='bbox 532 1945 647 1997; x_wconf 86' lang='lat' dir='ltr'><strong>ridetfcel</strong></span> <span class='ocrx_word' id='word_1_76' title='bbox 660 1956 685 1998; x_wconf 91' lang='lat' dir='ltr'><strong>et</strong></span> <span class='ocrx_word' id='word_1_77' title='bbox 696 1961 779 2022; x_wconf 82' lang='lat' dir='ltr'><strong>rerum</strong></span> <span class='ocrx_word' id='word_1_78' title='bbox 792 1961 821 1998; x_wconf 88' lang='lat' dir='ltr'><strong>ac</strong></span> <span class='ocrx_word' id='word_1_79' title='bbox 842 1948 971 1998; x_wconf 87' lang='lat' dir='ltr'><strong>verborum</strong></span> <span class='ocrx_word' id='word_1_80' title='bbox 1001 1951 1154 2010; x_wconf 74' lang='lat' dir='ltr'><strong>untrterpne,</strong></span> <span class='ocrx_word' id='word_1_81' title='bbox 1178 1963 1191 1999; x_wconf 89' lang='lat' dir='ltr'><strong>a</strong></span> <span class='ocrx_word' id='word_1_82' title='bbox 1210 1951 1243 1998; x_wconf 91' lang='lat' dir='ltr'><strong>ud</strong></span> <span class='ocrx_word' id='word_1_83' title='bbox 1266 1952 1425 2002; x_wconf 81' lang='lat' dir='ltr'><strong>tiniffelmum</strong></span> <span class='ocrx_word' id='word_1_84' title='bbox 1444 1951 1605 2002; x_wconf 80' lang='lat' dir='ltr'><strong>Lesteettfum</strong></span> <span class='ocrx_word' id='word_1_85' title='bbox 1624 1958 1651 2002; x_wconf 92' lang='lat' dir='ltr'><strong>et</strong></span> <span class='ocrx_word' id='word_1_86' title='bbox 1672 1950 1850 2015; x_wconf 82' lang='lat' dir='ltr'><strong>Eugeibertuttt</strong></span> 
     </span>
     <span class='ocr_line' id='line_1_14' title="bbox 258 1963 1337 2077; baseline 0.001 -15"><span class='ocrx_word' id='word_1_87' title='bbox 258 2011 462 2074; x_wconf 66' lang='lat' dir='ltr'><strong>ennaremus</strong></span> <span class='ocrx_word' id='word_1_88' title='bbox 474 2010 548 2074; x_wconf 81' lang='lat' dir='ltr'><strong>tulga</strong></span> <span class='ocrx_word' id='word_1_89' title='bbox 558 2010 709 2061; x_wconf 83' lang='lat' dir='ltr'><strong>floocbtraet</strong></span> <span class='ocrx_word' id='word_1_90' title='bbox 719 2011 795 2071; x_wconf 85' lang='lat' dir='ltr'><strong>dtcta,</strong></span> <span class='ocrx_word' id='word_1_91' title='bbox 806 2009 852 2060; x_wconf 90' lang='lat' dir='ltr'><strong>sub</strong></span> <span class='ocrx_word' id='word_1_92' title='bbox 863 2011 989 2062; x_wconf 86' lang='lat' dir='ltr'><strong>Petllcatto</strong></span> <span class='ocrx_word' id='word_1_93' title='bbox 1001 2022 1087 2070; x_wconf 86' lang='lat' dir='ltr'><strong>aureo,</strong></span> <span class='ocrx_word' id='word_1_94' title='bbox 1099 2024 1164 2061; x_wconf 85' lang='lat' dir='ltr'><strong>auno</strong></span> <span class='ocrx_word' id='word_1_95' title='bbox 1178 1963 1337 2077; x_wconf 54' lang='lat' dir='ltr'><strong>ductus.)</strong></span> 
     </span>
    </p>
   </div>
   <div class='ocr_carea' id='block_1_8' title="bbox 659 2304 1419 2399">
    <p class='ocr_par' dir='ltr' id='par_1_8' title="bbox 659 2304 1419 2399">
     <span class='ocr_line' id='line_1_15' title="bbox 659 2304 1419 2399; baseline 0 -6"><span class='ocrx_word' id='word_1_96' title='bbox 659 2304 951 2396; x_wconf 78' lang='lat' dir='ltr'><strong>EPtstotu</strong></span> <span class='ocrx_word' id='word_1_97' title='bbox 989 2307 1419 2399; x_wconf 77' lang='lat' dir='ltr'><strong>ubututtotttt.</strong></span> 
     </span>
    </p>
   </div>
   <div class='ocr_carea' id='block_1_9' title="bbox 225 2495 1851 2664">
    <p class='ocr_par' dir='ltr' id='par_1_9' title="bbox 225 2495 1851 2664">
     <span class='ocr_line' id='line_1_16' title="bbox 264 2495 1851 2568; baseline 0.003 -8"><span class='ocrx_word' id='word_1_98' title='bbox 264 2500 418 2560; x_wconf 75' lang='lat' dir='ltr'><strong>Admodum</strong></span> <span class='ocrx_word' id='word_1_99' title='bbox 434 2497 585 2557; x_wconf 74' lang='lat' dir='ltr'><strong>reverendo</strong></span> <span class='ocrx_word' id='word_1_100' title='bbox 599 2496 827 2568; x_wconf 89' lang='lat' dir='ltr'><strong>amplissimoque</strong></span> <span class='ocrx_word' id='word_1_101' title='bbox 840 2496 953 2552; x_wconf 90' lang='lat' dir='ltr'><strong>domino</strong></span> <span class='ocrx_word' id='word_1_102' title='bbox 965 2495 997 2554; x_wconf 80' lang='grc' dir='ltr'><strong>Ι).</strong></span> <span class='ocrx_word' id='word_1_103' title='bbox 1012 2495 1153 2553; x_wconf 80' lang='lat' dir='ltr'><strong>bernardo</strong></span> <span class='ocrx_word' id='word_1_104' title='bbox 1169 2498 1290 2565; x_wconf 85' lang='lat' dir='ltr'><strong>Borrrn,</strong></span> <span class='ocrx_word' id='word_1_105' title='bbox 1305 2498 1451 2556; x_wconf 78' lang='lat' dir='ltr'><strong>clarissimi</strong></span> <span class='ocrx_word' id='word_1_106' title='bbox 1467 2499 1585 2557; x_wconf 86' lang='lat' dir='ltr'><strong>crenobii</strong></span> <span class='ocrx_word' id='word_1_107' title='bbox 1597 2499 1628 2559; x_wconf 85' lang='grc' dir='ltr'><strong>Β.</strong></span> <span class='ocrx_word' id='word_1_108' title='bbox 1642 2499 1734 2558; x_wconf 78' lang='lat' dir='ltr'><strong>bieria</strong></span> <span class='ocrx_word' id='word_1_109' title='bbox 1748 2504 1783 2561; x_wconf 89' lang='lat' dir='ltr'><strong>de</strong></span> <span class='ocrx_word' id='word_1_110' title='bbox 1793 2504 1851 2564; x_wconf 83' lang='lat' dir='ltr'><strong>bu·</strong></span> 
     </span>
     <span class='ocr_line' id='line_1_17' title="bbox 225 2588 1541 2664; baseline -0.005 -6"><span class='ocrx_word' id='word_1_111' title='bbox 225 2601 271 2658; x_wconf 89' lang='lat' dir='ltr'><strong>uis</strong></span> <span class='ocrx_word' id='word_1_112' title='bbox 283 2596 389 2662; x_wconf 90' lang='lat' dir='ltr'><strong>abbati,</strong></span> <span class='ocrx_word' id='word_1_113' title='bbox 403 2608 510 2652; x_wconf 90' lang='lat' dir='ltr'><strong>necnon</strong></span> <span class='ocrx_word' id='word_1_114' title='bbox 528 2600 556 2648; x_wconf 91' lang='lat' dir='ltr'><strong>et</strong></span> <span class='ocrx_word' id='word_1_115' title='bbox 567 2589 689 2646; x_wconf 78' lang='lat' dir='ltr'><strong>universi</strong></span> <span class='ocrx_word' id='word_1_116' title='bbox 704 2589 812 2647; x_wconf 90' lang='lat' dir='ltr'><strong>ordinis</strong></span> <span class='ocrx_word' id='word_1_117' title='bbox 820 2588 1013 2648; x_wconf 78' lang='lat' dir='ltr'><strong>cisterciensis</strong></span> <span class='ocrx_word' id='word_1_118' title='bbox 1028 2606 1077 2662; x_wconf 88' lang='lat' dir='ltr'><strong>per</strong></span> <span class='ocrx_word' id='word_1_119' title='bbox 1089 2590 1211 2664; x_wconf 83' lang='lat' dir='ltr'><strong>belgium</strong></span> <span class='ocrx_word' id='word_1_120' title='bbox 1225 2593 1329 2649; x_wconf 79' lang='lat' dir='ltr'><strong>sicario</strong></span> <span class='ocrx_word' id='word_1_121' title='bbox 1344 2594 1475 2664; x_wconf 87' lang='lat' dir='ltr'><strong>generali,</strong></span> <span class='ocrx_word' id='word_1_122' title='bbox 1488 2605 1541 2653; x_wconf 90' lang='lat' dir='ltr'><strong>etc.</strong></span> 
     </span>
    </p>
   </div>
   <div class='ocr_carea' id='block_1_10' title="bbox 223 2717 1850 4633">
    <p class='ocr_par' dir='ltr' id='par_1_10' title="bbox 224 2717 1850 4143">
     <span class='ocr_line' id='line_1_18' title="bbox 262 2717 1850 2791; baseline 0.001 -16"><span class='ocrx_word' id='word_1_123' title='bbox 262 2718 459 2791; x_wconf 80' lang='lat' dir='ltr'><strong>Superioribus</strong></span> <span class='ocrx_word' id='word_1_124' title='bbox 473 2720 553 2776; x_wconf 90' lang='lat' dir='ltr'><strong>annis</strong></span> <span class='ocrx_word' id='word_1_125' title='bbox 567 2719 653 2790; x_wconf 81' lang='lat' dir='ltr'><strong>(adm.</strong></span> <span class='ocrx_word' id='word_1_126' title='bbox 673 2718 820 2776; x_wconf 83' lang='lat' dir='ltr'><strong>reverende</strong></span> <span class='ocrx_word' id='word_1_127' title='bbox 834 2717 956 2787; x_wconf 87' lang='lat' dir='ltr'><strong>domiue)</strong></span> <span class='ocrx_word' id='word_1_128' title='bbox 971 2718 1195 2774; x_wconf 74' lang='lat' dir='ltr'><strong>lucubrationum</strong></span> <span class='ocrx_word' id='word_1_129' title='bbox 1216 2732 1341 2774; x_wconf 91' lang='lat' dir='ltr'><strong>mearum</strong></span> <span class='ocrx_word' id='word_1_130' title='bbox 1361 2717 1496 2788; x_wconf 85' lang='lat' dir='ltr'><strong>primitias</strong></span> <span class='ocrx_word' id='word_1_131' title='bbox 1519 2718 1586 2789; x_wconf 89' lang='lat' dir='ltr'><strong>preli</strong></span> <span class='ocrx_word' id='word_1_132' title='bbox 1620 2728 1783 2775; x_wconf 90' lang='lat' dir='ltr'><strong>omamentn</strong></span> <span class='ocrx_word' id='word_1_133' title='bbox 1802 2720 1850 2777; x_wconf 86' lang='lat' dir='ltr'><strong>dc·</strong></span> 
     </span>
     <span class='ocr_line' id='line_1_19' title="bbox 226 2808 1849 2886; baseline 0.001 -19"><span class='ocrx_word' id='word_1_134' title='bbox 226 2820 337 2869; x_wconf 86' lang='lat' dir='ltr'><strong>curatas</strong></span> <span class='ocrx_word' id='word_1_135' title='bbox 352 2812 555 2886; x_wconf 81' lang='lat' dir='ltr'><strong>(Biitietfrernm</strong></span> <span class='ocrx_word' id='word_1_136' title='bbox 569 2815 631 2870; x_wconf 90' lang='lat' dir='ltr'><strong>dico</strong></span> <span class='ocrx_word' id='word_1_137' title='bbox 646 2813 808 2884; x_wconf 81' lang='lat' dir='ltr'><strong>scriptoram</strong></span> <span class='ocrx_word' id='word_1_138' title='bbox 824 2808 1053 2881; x_wconf 73' lang='lat' dir='ltr'><strong>cirterciensium)</strong></span> <span class='ocrx_word' id='word_1_139' title='bbox 1071 2810 1145 2867; x_wconf 88' lang='lat' dir='ltr'><strong>adm.</strong></span> <span class='ocrx_word' id='word_1_140' title='bbox 1160 2812 1315 2868; x_wconf 75' lang='lat' dir='ltr'><strong>reverendae</strong></span> <span class='ocrx_word' id='word_1_141' title='bbox 1336 2811 1517 2869; x_wconf 80' lang='lat' dir='ltr'><strong>dominationi</strong></span> <span class='ocrx_word' id='word_1_142' title='bbox 1534 2814 1849 2884; x_wconf 60' lang='lat' dir='ltr'><strong>manauerantque</strong></span> 
     </span>
     <span class='ocr_line' id='line_1_20' title="bbox 227 2905 1847 2983; baseline -0.001 -17"><span class='ocrx_word' id='word_1_143' title='bbox 227 2917 304 2966; x_wconf 87' lang='lat' dir='ltr'><strong>tanta</strong></span> <span class='ocrx_word' id='word_1_144' title='bbox 316 2910 507 2966; x_wconf 88' lang='lat' dir='ltr'><strong>benerolentia</strong></span> <span class='ocrx_word' id='word_1_145' title='bbox 523 2910 681 2983; x_wconf 86' lang='lat' dir='ltr'><strong>susrepisti,</strong></span> <span class='ocrx_word' id='word_1_146' title='bbox 705 2918 733 2965; x_wconf 94' lang='lat' dir='ltr'><strong>ut</strong></span> <span class='ocrx_word' id='word_1_147' title='bbox 753 2909 786 2964; x_wconf 90' lang='lat' dir='ltr'><strong>ad</strong></span> <span class='ocrx_word' id='word_1_148' title='bbox 803 2908 963 2966; x_wconf 89' lang='lat' dir='ltr'><strong>sublimiora</strong></span> <span class='ocrx_word' id='word_1_149' title='bbox 987 2909 1146 2962; x_wconf 89' lang='lat' dir='ltr'><strong>tentandum</strong></span> <span class='ocrx_word' id='word_1_150' title='bbox 1177 2905 1300 2962; x_wconf 80' lang='lat' dir='ltr'><strong>antimum</strong></span> <span class='ocrx_word' id='word_1_151' title='bbox 1322 2906 1498 2979; x_wconf 80' lang='lat' dir='ltr'><strong>studiumque</strong></span> <span class='ocrx_word' id='word_1_152' title='bbox 1518 2908 1674 2979; x_wconf 80' lang='lat' dir='ltr'><strong>provexeris</strong></span> <span class='ocrx_word' id='word_1_153' title='bbox 1687 2908 1746 2967; x_wconf 83' lang='lat' dir='ltr'><strong>r&#39;Et</strong></span> <span class='ocrx_word' id='word_1_154' title='bbox 1764 2924 1847 2981; x_wconf 88' lang='lat' dir='ltr'><strong>quam</strong></span> 
     </span>
     <span class='ocr_line' id='line_1_21' title="bbox 226 3002 1850 3078; baseline -0.001 -16"><span class='ocrx_word' id='word_1_155' title='bbox 226 3018 283 3062; x_wconf 89' lang='lat' dir='ltr'><strong>tton</strong></span> <span class='ocrx_word' id='word_1_156' title='bbox 296 3006 357 3063; x_wconf 91' lang='lat' dir='ltr'><strong>sine</strong></span> <span class='ocrx_word' id='word_1_157' title='bbox 372 3005 474 3073; x_wconf 88' lang='lat' dir='ltr'><strong>fructa,</strong></span> <span class='ocrx_word' id='word_1_158' title='bbox 488 3006 566 3062; x_wconf 86' lang='lat' dir='ltr'><strong>testis</strong></span> <span class='ocrx_word' id='word_1_159' title='bbox 577 3010 630 3062; x_wconf 85' lang='lat' dir='ltr'><strong>erit</strong></span> <span class='ocrx_word' id='word_1_160' title='bbox 643 3005 840 3078; x_wconf 86' lang='lat' dir='ltr'><strong>irrefragabilis</strong></span> <span class='ocrx_word' id='word_1_161' title='bbox 852 3019 968 3076; x_wconf 87' lang='lat' dir='ltr'><strong>magnus</strong></span> <span class='ocrx_word' id='word_1_162' title='bbox 982 3004 1028 3059; x_wconf 89' lang='lat' dir='ltr'><strong>ille</strong></span> <span class='ocrx_word' id='word_1_163' title='bbox 1052 3003 1157 3060; x_wconf 73' lang='lat' dir='ltr'><strong>Alanus</strong></span> <span class='ocrx_word' id='word_1_164' title='bbox 1167 3004 1201 3059; x_wconf 90' lang='lat' dir='ltr'><strong>de</strong></span> <span class='ocrx_word' id='word_1_165' title='bbox 1215 3002 1325 3068; x_wconf 87' lang='lat' dir='ltr'><strong>insulis,</strong></span> <span class='ocrx_word' id='word_1_166' title='bbox 1353 3002 1489 3071; x_wconf 85' lang='lat' dir='ltr'><strong>floctoris,</strong></span> <span class='ocrx_word' id='word_1_167' title='bbox 1503 3005 1580 3073; x_wconf 76' lang='lat' dir='ltr'><strong>olim,</strong></span> <span class='ocrx_word' id='word_1_168' title='bbox 1609 3003 1778 3062; x_wconf 82' lang='lat' dir='ltr'><strong>Universafis</strong></span> <span class='ocrx_word' id='word_1_169' title='bbox 1802 3020 1850 3062; x_wconf 91' lang='lat' dir='ltr'><strong>co·</strong></span> 
     </span>
     <span class='ocr_line' id='line_1_22' title="bbox 227 3099 1849 3175; baseline 0.003 -21"><span class='ocrx_word' id='word_1_170' title='bbox 227 3099 368 3168; x_wconf 74' lang='lat' dir='ltr'><strong>girundae,</strong></span> <span class='ocrx_word' id='word_1_171' title='bbox 385 3115 436 3158; x_wconf 90' lang='lat' dir='ltr'><strong>nee</strong></span> <span class='ocrx_word' id='word_1_172' title='bbox 449 3102 541 3159; x_wconf 88' lang='lat' dir='ltr'><strong>minus</strong></span> <span class='ocrx_word' id='word_1_173' title='bbox 553 3102 736 3159; x_wconf 86' lang='lat' dir='ltr'><strong>sanctimonia</strong></span> <span class='ocrx_word' id='word_1_174' title='bbox 749 3103 812 3158; x_wconf 75' lang='lat' dir='ltr'><strong>ritae</strong></span> <span class='ocrx_word' id='word_1_175' title='bbox 835 3102 1022 3168; x_wconf 86' lang='lat' dir='ltr'><strong>clarissimus;</strong></span> <span class='ocrx_word' id='word_1_176' title='bbox 1042 3117 1123 3172; x_wconf 81' lang='lat' dir='ltr'><strong>quent</strong></span> <span class='ocrx_word' id='word_1_177' title='bbox 1136 3101 1300 3173; x_wconf 86' lang='lat' dir='ltr'><strong>jampridem</strong></span> <span class='ocrx_word' id='word_1_178' title='bbox 1317 3103 1459 3173; x_wconf 84' lang='lat' dir='ltr'><strong>(temporis</strong></span> <span class='ocrx_word' id='word_1_179' title='bbox 1472 3102 1582 3173; x_wconf 74' lang='lat' dir='ltr'><strong>iniuria,</strong></span> <span class='ocrx_word' id='word_1_180' title='bbox 1604 3119 1773 3175; x_wconf 87' lang='lat' dir='ltr'><strong>suorumque</strong></span> <span class='ocrx_word' id='word_1_181' title='bbox 1798 3104 1849 3161; x_wconf 93' lang='lat' dir='ltr'><strong>de·</strong></span> 
     </span>
     <span class='ocr_line' id='line_1_23' title="bbox 227 3192 1850 3269; baseline 0.002 -17"><span class='ocrx_word' id='word_1_182' title='bbox 227 3195 311 3268; x_wconf 89' lang='lat' dir='ltr'><strong>sidia)</strong></span> <span class='ocrx_word' id='word_1_183' title='bbox 330 3194 506 3253; x_wconf 81' lang='lat' dir='ltr'><strong>densissimis</strong></span> <span class='ocrx_word' id='word_1_184' title='bbox 521 3192 708 3269; x_wconf 81' lang='lat' dir='ltr'><strong>mancipatum</strong></span> <span class='ocrx_word' id='word_1_185' title='bbox 725 3197 856 3264; x_wconf 88' lang='lat' dir='ltr'><strong>tenebris,</strong></span> <span class='ocrx_word' id='word_1_186' title='bbox 875 3198 1011 3267; x_wconf 88' lang='lat' dir='ltr'><strong>tineisqnc</strong></span> <span class='ocrx_word' id='word_1_187' title='bbox 1021 3206 1048 3252; x_wconf 91' lang='lat' dir='ltr'><strong>et</strong></span> <span class='ocrx_word' id='word_1_188' title='bbox 1066 3197 1159 3253; x_wconf 91' lang='lat' dir='ltr'><strong>blattis</strong></span> <span class='ocrx_word' id='word_1_189' title='bbox 1174 3197 1215 3253; x_wconf 90' lang='lat' dir='ltr'><strong>sic</strong></span> <span class='ocrx_word' id='word_1_190' title='bbox 1228 3198 1349 3254; x_wconf 89' lang='lat' dir='ltr'><strong>attritum</strong></span> <span class='ocrx_word' id='word_1_191' title='bbox 1362 3208 1390 3252; x_wconf 86' lang='lat' dir='ltr'><strong>et</strong></span> <span class='ocrx_word' id='word_1_192' title='bbox 1406 3197 1584 3267; x_wconf 83' lang='lat' dir='ltr'><strong>deitedatunr,</strong></span> <span class='ocrx_word' id='word_1_193' title='bbox 1596 3208 1626 3255; x_wconf 91' lang='lat' dir='ltr'><strong>ut</strong></span> <span class='ocrx_word' id='word_1_194' title='bbox 1639 3202 1721 3256; x_wconf 89' lang='lat' dir='ltr'><strong>etiam</strong></span> <span class='ocrx_word' id='word_1_195' title='bbox 1735 3200 1850 3257; x_wconf 82' lang='lat' dir='ltr'><strong>autina·</strong></span> 
     </span>
     <span class='ocr_line' id='line_1_24' title="bbox 226 3292 1847 3365; baseline 0.002 -18"><span class='ocrx_word' id='word_1_196' title='bbox 226 3292 270 3349; x_wconf 91' lang='lat' dir='ltr'><strong>nis</strong></span> <span class='ocrx_word' id='word_1_197' title='bbox 287 3293 401 3350; x_wconf 84' lang='lat' dir='ltr'><strong>interitu</strong></span> <span class='ocrx_word' id='word_1_198' title='bbox 413 3293 530 3365; x_wconf 81' lang='lat' dir='ltr'><strong>Jamjam</strong></span> <span class='ocrx_word' id='word_1_199' title='bbox 550 3293 756 3351; x_wconf 89' lang='lat' dir='ltr'><strong>consumendus</strong></span> <span class='ocrx_word' id='word_1_200' title='bbox 775 3293 925 3359; x_wconf 86' lang='lat' dir='ltr'><strong>rideretur,</strong></span> <span class='ocrx_word' id='word_1_201' title='bbox 941 3308 997 3348; x_wconf 86' lang='lat' dir='ltr'><strong>uon</strong></span> <span class='ocrx_word' id='word_1_202' title='bbox 1012 3292 1072 3349; x_wconf 91' lang='lat' dir='ltr'><strong>sine</strong></span> <span class='ocrx_word' id='word_1_203' title='bbox 1087 3294 1181 3349; x_wconf 87' lang='lat' dir='ltr'><strong>labore</strong></span> <span class='ocrx_word' id='word_1_204' title='bbox 1193 3292 1343 3360; x_wconf 84' lang='lat' dir='ltr'><strong>indefesso,</strong></span> <span class='ocrx_word' id='word_1_205' title='bbox 1359 3294 1506 3365; x_wconf 91' lang='lat' dir='ltr'><strong>studioque</strong></span> <span class='ocrx_word' id='word_1_206' title='bbox 1520 3293 1653 3365; x_wconf 70' lang='lat' dir='ltr'><strong>pervigili,</strong></span> <span class='ocrx_word' id='word_1_207' title='bbox 1669 3293 1762 3363; x_wconf 87' lang='lat' dir='ltr'><strong>eduxi,</strong></span> <span class='ocrx_word' id='word_1_208' title='bbox 1780 3294 1847 3362; x_wconf 89' lang='lat' dir='ltr'><strong>fori,</strong></span> 
     </span>
     <span class='ocr_line' id='line_1_25' title="bbox 226 3389 1847 3464; baseline 0.002 -19"><span class='ocrx_word' id='word_1_209' title='bbox 226 3395 357 3463; x_wconf 80' lang='lat' dir='ltr'><strong>uarieque</strong></span> <span class='ocrx_word' id='word_1_210' title='bbox 369 3392 431 3464; x_wconf 81' lang='lat' dir='ltr'><strong>(pro</strong></span> <span class='ocrx_word' id='word_1_211' title='bbox 446 3390 626 3447; x_wconf 88' lang='lat' dir='ltr'><strong>facultatibus</strong></span> <span class='ocrx_word' id='word_1_212' title='bbox 638 3389 721 3459; x_wconf 83' lang='lat' dir='ltr'><strong>meis)</strong></span> <span class='ocrx_word' id='word_1_213' title='bbox 739 3389 869 3446; x_wconf 84' lang='lat' dir='ltr'><strong>exornari</strong></span> <span class='ocrx_word' id='word_1_214' title='bbox 886 3407 893 3446; x_wconf 76' lang='grc' dir='ltr'>ι</span> <span class='ocrx_word' id='word_1_215' title='bbox 911 3389 1058 3456; x_wconf 83' lang='lat' dir='ltr'><strong>intanttrm,</strong></span> <span class='ocrx_word' id='word_1_216' title='bbox 1070 3400 1100 3446; x_wconf 92' lang='lat' dir='ltr'><strong>ut</strong></span> <span class='ocrx_word' id='word_1_217' title='bbox 1114 3391 1195 3445; x_wconf 77' lang='lat' dir='ltr'><strong>sinodo</strong></span> <span class='ocrx_word' id='word_1_218' title='bbox 1218 3390 1355 3461; x_wconf 86' lang='lat' dir='ltr'><strong>splendori</strong></span> <span class='ocrx_word' id='word_1_219' title='bbox 1370 3405 1402 3444; x_wconf 88' lang='lat' dir='ltr'><strong>ac</strong></span> <span class='ocrx_word' id='word_1_220' title='bbox 1416 3389 1520 3446; x_wconf 79' lang='lat' dir='ltr'><strong>risibus</strong></span> <span class='ocrx_word' id='word_1_221' title='bbox 1534 3390 1593 3446; x_wconf 91' lang='lat' dir='ltr'><strong>suis</strong></span> <span class='ocrx_word' id='word_1_222' title='bbox 1608 3391 1762 3456; x_wconf 88' lang='lat' dir='ltr'><strong>restitutus,</strong></span> <span class='ocrx_word' id='word_1_223' title='bbox 1782 3392 1847 3448; x_wconf 91' lang='lat' dir='ltr'><strong>nul·</strong></span> 
     </span>
     <span class='ocr_line' id='line_1_26' title="bbox 225 3484 1847 3558; baseline 0.006 -19"><span class='ocrx_word' id='word_1_224' title='bbox 225 3484 281 3541; x_wconf 92' lang='lat' dir='ltr'><strong>lius</strong></span> <span class='ocrx_word' id='word_1_225' title='bbox 292 3488 470 3558; x_wconf 81' lang='lat' dir='ltr'><strong>quantumuis</strong></span> <span class='ocrx_word' id='word_1_226' title='bbox 483 3491 650 3547; x_wconf 80' lang='lat' dir='ltr'><strong>exactissimi</strong></span> <span class='ocrx_word' id='word_1_227' title='bbox 672 3499 700 3547; x_wconf 90' lang='lat' dir='ltr'><strong>et</strong></span> <span class='ocrx_word' id='word_1_228' title='bbox 714 3489 894 3547; x_wconf 85' lang='lat' dir='ltr'><strong>eruditissimi</strong></span> <span class='ocrx_word' id='word_1_229' title='bbox 910 3505 1055 3546; x_wconf 86' lang='lat' dir='ltr'><strong>censuram</strong></span> <span class='ocrx_word' id='word_1_230' title='bbox 1074 3489 1222 3546; x_wconf 89' lang='lat' dir='ltr'><strong>formidare</strong></span> <span class='ocrx_word' id='word_1_231' title='bbox 1235 3490 1342 3545; x_wconf 85' lang='lat' dir='ltr'><strong>debeat.</strong></span> <span class='ocrx_word' id='word_1_232' title='bbox 1354 3488 1449 3556; x_wconf 79' lang='lat' dir='ltr'><strong>Qualis</strong></span> <span class='ocrx_word' id='word_1_233' title='bbox 1459 3489 1532 3544; x_wconf 90' lang='lat' dir='ltr'><strong>enim</strong></span> <span class='ocrx_word' id='word_1_234' title='bbox 1546 3487 1597 3544; x_wconf 90' lang='lat' dir='ltr'><strong>fuit</strong></span> <span class='ocrx_word' id='word_1_235' title='bbox 1615 3490 1643 3545; x_wconf 94' lang='lat' dir='ltr'><strong>in</strong></span> <span class='ocrx_word' id='word_1_236' title='bbox 1654 3491 1720 3558; x_wconf 83' lang='lat' dir='ltr'><strong>rita,</strong></span> <span class='ocrx_word' id='word_1_237' title='bbox 1734 3490 1847 3549; x_wconf 84' lang='lat' dir='ltr'><strong>talisest</strong></span> 
     </span>
     <span class='ocr_line' id='line_1_27' title="bbox 225 3582 1846 3658; baseline 0.004 -23"><span class='ocrx_word' id='word_1_238' title='bbox 225 3582 292 3637; x_wconf 88' lang='lat' dir='ltr'><strong>etin</strong></span> <span class='ocrx_word' id='word_1_239' title='bbox 318 3583 407 3639; x_wconf 90' lang='lat' dir='ltr'><strong>littera</strong></span> <span class='ocrx_word' id='word_1_240' title='bbox 423 3603 430 3640; x_wconf 91' lang='lat'>:</span> <span class='ocrx_word' id='word_1_241' title='bbox 445 3601 561 3657; x_wconf 87' lang='lat' dir='ltr'><strong>magnus</strong></span> <span class='ocrx_word' id='word_1_242' title='bbox 574 3587 626 3644; x_wconf 92' lang='lat' dir='ltr'><strong>fuit</strong></span> <span class='ocrx_word' id='word_1_243' title='bbox 638 3587 666 3643; x_wconf 91' lang='lat' dir='ltr'><strong>in</strong></span> <span class='ocrx_word' id='word_1_244' title='bbox 680 3588 793 3656; x_wconf 74' lang='lat' dir='ltr'><strong>seculo,</strong></span> <span class='ocrx_word' id='word_1_245' title='bbox 804 3587 917 3645; x_wconf 89' lang='lat' dir='ltr'><strong>ftumilis</strong></span> <span class='ocrx_word' id='word_1_246' title='bbox 930 3588 959 3642; x_wconf 93' lang='lat' dir='ltr'><strong>in</strong></span> <span class='ocrx_word' id='word_1_247' title='bbox 970 3587 1080 3644; x_wconf 89' lang='lat' dir='ltr'><strong>occulto</strong></span> <span class='ocrx_word' id='word_1_248' title='bbox 1093 3588 1218 3654; x_wconf 85' lang='lat' dir='ltr'><strong>claustri,</strong></span> <span class='ocrx_word' id='word_1_249' title='bbox 1245 3588 1292 3644; x_wconf 90' lang='lat' dir='ltr'><strong>sed</strong></span> <span class='ocrx_word' id='word_1_250' title='bbox 1318 3587 1406 3657; x_wconf 84' lang='lat' dir='ltr'><strong>major</strong></span> <span class='ocrx_word' id='word_1_251' title='bbox 1417 3596 1444 3643; x_wconf 90' lang='lat' dir='ltr'><strong>ct</strong></span> <span class='ocrx_word' id='word_1_252' title='bbox 1465 3586 1593 3643; x_wconf 91' lang='lat' dir='ltr'><strong>sublimis</strong></span> <span class='ocrx_word' id='word_1_253' title='bbox 1616 3588 1669 3642; x_wconf 90' lang='lat' dir='ltr'><strong>erit</strong></span> <span class='ocrx_word' id='word_1_254' title='bbox 1687 3587 1714 3642; x_wconf 89' lang='lat' dir='ltr'><strong>ia</strong></span> <span class='ocrx_word' id='word_1_255' title='bbox 1738 3586 1846 3658; x_wconf 83' lang='lat' dir='ltr'><strong>publico</strong></span> 
     </span>
     <span class='ocr_line' id='line_1_28' title="bbox 226 3676 1844 3756; baseline 0.004 -23"><span class='ocrx_word' id='word_1_256' title='bbox 226 3676 372 3748; x_wconf 61' lang='lat' dir='ltr'><strong>tectas-im</strong></span> <span class='ocrx_word' id='word_1_257' title='bbox 391 3683 443 3739; x_wconf 94' lang='lat' dir='ltr'><strong>sub</strong></span> <span class='ocrx_word' id='word_1_258' title='bbox 454 3683 545 3741; x_wconf 90' lang='lat' dir='ltr'><strong>tnodio</strong></span> <span class='ocrx_word' id='word_1_259' title='bbox 557 3685 710 3755; x_wconf 91' lang='lat' dir='ltr'><strong>religiosus,</strong></span> <span class='ocrx_word' id='word_1_260' title='bbox 724 3694 751 3739; x_wconf 92' lang='lat' dir='ltr'><strong>at</strong></span> <span class='ocrx_word' id='word_1_261' title='bbox 763 3700 845 3756; x_wconf 86' lang='lat' dir='ltr'><strong>super</strong></span> <span class='ocrx_word' id='word_1_262' title='bbox 857 3683 1054 3741; x_wconf 89' lang='lat' dir='ltr'><strong>candelabrum</strong></span> <span class='ocrx_word' id='word_1_263' title='bbox 1071 3684 1224 3756; x_wconf 87' lang='lat' dir='ltr'><strong>gloriosus;</strong></span> <span class='ocrx_word' id='word_1_264' title='bbox 1238 3683 1332 3739; x_wconf 90' lang='lat' dir='ltr'><strong>auditu</strong></span> <span class='ocrx_word' id='word_1_265' title='bbox 1348 3683 1458 3754; x_wconf 87' lang='lat' dir='ltr'><strong>dignus,</strong></span> <span class='ocrx_word' id='word_1_266' title='bbox 1480 3683 1590 3754; x_wconf 80' lang='lat' dir='ltr'><strong>dignior</strong></span> <span class='ocrx_word' id='word_1_267' title='bbox 1602 3683 1684 3751; x_wconf 88' lang='lat' dir='ltr'><strong>lectu,</strong></span> <span class='ocrx_word' id='word_1_268' title='bbox 1700 3682 1844 3753; x_wconf 81' lang='lat' dir='ltr'><strong>praedicatu</strong></span> 
     </span>
     <span class='ocr_line' id='line_1_29' title="bbox 225 3775 1847 3852; baseline 0.004 -22"><span class='ocrx_word' id='word_1_269' title='bbox 225 3775 417 3847; x_wconf 88' lang='lat' dir='ltr'><strong>dignissimus,</strong></span> <span class='ocrx_word' id='word_1_270' title='bbox 431 3781 499 3852; x_wconf 93' lang='lat' dir='ltr'><strong>quin</strong></span> <span class='ocrx_word' id='word_1_271' title='bbox 513 3790 541 3837; x_wconf 91' lang='lat' dir='ltr'><strong>et</strong></span> <span class='ocrx_word' id='word_1_272' title='bbox 553 3781 615 3838; x_wconf 84' lang='lat' dir='ltr'><strong>ritae</strong></span> <span class='ocrx_word' id='word_1_273' title='bbox 629 3782 812 3838; x_wconf 83' lang='lat' dir='ltr'><strong>sanctimonia</strong></span> <span class='ocrx_word' id='word_1_274' title='bbox 829 3781 1029 3845; x_wconf 79' lang='lat' dir='ltr'><strong>observandus,</strong></span> <span class='ocrx_word' id='word_1_275' title='bbox 1054 3780 1181 3836; x_wconf 88' lang='lat' dir='ltr'><strong>aretiam</strong></span> <span class='ocrx_word' id='word_1_276' title='bbox 1194 3779 1343 3835; x_wconf 89' lang='lat' dir='ltr'><strong>imitandus</strong></span> <span class='ocrx_word' id='word_1_277' title='bbox 1356 3798 1363 3813; x_wconf 89' lang='lat'><strong>·</strong></span> <span class='ocrx_word' id='word_1_278' title='bbox 1379 3786 1409 3833; x_wconf 94' lang='lat' dir='ltr'><strong>ut</strong></span> <span class='ocrx_word' id='word_1_279' title='bbox 1432 3778 1531 3833; x_wconf 90' lang='lat' dir='ltr'><strong>mirum</strong></span> <span class='ocrx_word' id='word_1_280' title='bbox 1551 3778 1598 3840; x_wconf 80' lang='lat' dir='ltr'><strong>sit,</strong></span> <span class='ocrx_word' id='word_1_281' title='bbox 1612 3788 1667 3834; x_wconf 89' lang='lat' dir='ltr'><strong>tam</strong></span> <span class='ocrx_word' id='word_1_282' title='bbox 1690 3778 1738 3835; x_wconf 94' lang='lat' dir='ltr'><strong>diu</strong></span> <span class='ocrx_word' id='word_1_283' title='bbox 1762 3777 1847 3836; x_wconf 85' lang='lat' dir='ltr'><strong>latero</strong></span> 
     </span>
     <span class='ocr_line' id='line_1_30' title="bbox 225 3874 1847 3952; baseline 0.005 -25"><span class='ocrx_word' id='word_1_284' title='bbox 225 3874 349 3944; x_wconf 86' lang='lat' dir='ltr'><strong>potuisse</strong></span> <span class='ocrx_word' id='word_1_285' title='bbox 359 3877 523 3948; x_wconf 89' lang='lat' dir='ltr'><strong>scriptorem</strong></span> <span class='ocrx_word' id='word_1_286' title='bbox 540 3889 595 3936; x_wconf 85' lang='lat' dir='ltr'><strong>tam</strong></span> <span class='ocrx_word' id='word_1_287' title='bbox 610 3880 742 3937; x_wconf 89' lang='lat' dir='ltr'><strong>eximium</strong></span> <span class='ocrx_word' id='word_1_288' title='bbox 758 3896 791 3937; x_wconf 88' lang='lat' dir='ltr'><strong>ac</strong></span> <span class='ocrx_word' id='word_1_289' title='bbox 812 3879 995 3952; x_wconf 63' lang='lat' dir='ltr'><strong>singularem</strong></span> <span class='ocrx_word' id='word_1_290' title='bbox 1012 3879 1038 3933; x_wconf 92' lang='lat' dir='ltr'><strong>in</strong></span> <span class='ocrx_word' id='word_1_291' title='bbox 1052 3878 1132 3949; x_wconf 85' lang='lat' dir='ltr'><strong>eujus</strong></span> <span class='ocrx_word' id='word_1_292' title='bbox 1145 3878 1256 3949; x_wconf 90' lang='lat' dir='ltr'><strong>scriptis</strong></span> <span class='ocrx_word' id='word_1_293' title='bbox 1266 3878 1398 3935; x_wconf 88' lang='lat' dir='ltr'><strong>attentius</strong></span> <span class='ocrx_word' id='word_1_294' title='bbox 1413 3876 1551 3948; x_wconf 89' lang='lat' dir='ltr'><strong>perlectis,</strong></span> <span class='ocrx_word' id='word_1_295' title='bbox 1576 3877 1702 3948; x_wconf 90' lang='lat' dir='ltr'><strong>protinus</strong></span> <span class='ocrx_word' id='word_1_296' title='bbox 1725 3878 1847 3935; x_wconf 78' lang='lat' dir='ltr'><strong>arrident</strong></span> 
     </span>
     <span class='ocr_line' id='line_1_31' title="bbox 224 3969 1846 4047; baseline -0.003 -20"><span class='ocrx_word' id='word_1_297' title='bbox 224 3986 296 4028; x_wconf 77' lang='lat' dir='ltr'><strong>rere</strong></span> <span class='ocrx_word' id='word_1_298' title='bbox 310 3972 420 4043; x_wconf 87' lang='lat' dir='ltr'><strong>pietatis</strong></span> <span class='ocrx_word' id='word_1_299' title='bbox 431 3974 547 4043; x_wconf 88' lang='lat' dir='ltr'><strong>candor,</strong></span> <span class='ocrx_word' id='word_1_300' title='bbox 562 3976 717 4032; x_wconf 88' lang='lat' dir='ltr'><strong>constantia</strong></span> <span class='ocrx_word' id='word_1_301' title='bbox 732 3975 944 4047; x_wconf 79' lang='lat' dir='ltr'><strong>explanationis,</strong></span> <span class='ocrx_word' id='word_1_302' title='bbox 969 3975 1073 4031; x_wconf 89' lang='lat' dir='ltr'><strong>utilitas</strong></span> <span class='ocrx_word' id='word_1_303' title='bbox 1084 3976 1216 4031; x_wconf 89' lang='lat' dir='ltr'><strong>doetrinae</strong></span> <span class='ocrx_word' id='word_1_304' title='bbox 1228 3975 1351 4043; x_wconf 89' lang='lat' dir='ltr'><strong>moralis,</strong></span> <span class='ocrx_word' id='word_1_305' title='bbox 1364 3974 1488 4046; x_wconf 91' lang='lat' dir='ltr'><strong>aptitudo</strong></span> <span class='ocrx_word' id='word_1_306' title='bbox 1504 3980 1685 4044; x_wconf 87' lang='lat' dir='ltr'><strong>conceptuum</strong></span> <span class='ocrx_word' id='word_1_307' title='bbox 1708 3977 1736 4024; x_wconf 91' lang='lat' dir='ltr'><strong>et</strong></span> <span class='ocrx_word' id='word_1_308' title='bbox 1749 3969 1846 4025; x_wconf 85' lang='lat' dir='ltr'><strong>inren·</strong></span> 
     </span>
     <span class='ocr_line' id='line_1_32' title="bbox 224 4057 1117 4143; baseline 0.007 -22"><span class='ocrx_word' id='word_1_309' title='bbox 224 4067 319 4138; x_wconf 84' lang='lat' dir='ltr'><strong>tionis,</strong></span> <span class='ocrx_word' id='word_1_310' title='bbox 331 4064 364 4127; x_wconf 82' lang='lat' dir='ltr'><strong>a&#39;c</strong></span> <span class='ocrx_word' id='word_1_311' title='bbox 377 4070 495 4142; x_wconf 89' lang='lat' dir='ltr'><strong>denique</strong></span> <span class='ocrx_word' id='word_1_312' title='bbox 510 4072 680 4143; x_wconf 89' lang='lat' dir='ltr'><strong>probationis</strong></span> <span class='ocrx_word' id='word_1_313' title='bbox 690 4088 722 4129; x_wconf 86' lang='lat' dir='ltr'><strong>ex</strong></span> <span class='ocrx_word' id='word_1_314' title='bbox 737 4088 815 4130; x_wconf 86' lang='lat' dir='ltr'><strong>saera</strong></span> <span class='ocrx_word' id='word_1_315' title='bbox 830 4073 971 4143; x_wconf 85' lang='lat' dir='ltr'><strong>Scriptura</strong></span> <span class='ocrx_word' id='word_1_316' title='bbox 982 4057 1117 4128; x_wconf 75' lang='lat' dir='ltr'><strong>soliditas,</strong></span> 
     </span>
    </p>

    <p class='ocr_par' dir='ltr' id='par_1_11' title="bbox 223 4166 1847 4633">
     <span class='ocr_line' id='line_1_33' title="bbox 259 4166 1845 4244; baseline 0.001 -22"><span class='ocrx_word' id='word_1_317' title='bbox 259 4166 357 4238; x_wconf 87' lang='lat' dir='ltr'><strong>Porro,</strong></span> <span class='ocrx_word' id='word_1_318' title='bbox 372 4187 454 4243; x_wconf 91' lang='lat' dir='ltr'><strong>quam</strong></span> <span class='ocrx_word' id='word_1_319' title='bbox 469 4186 580 4241; x_wconf 89' lang='lat' dir='ltr'><strong>operam</strong></span> <span class='ocrx_word' id='word_1_320' title='bbox 594 4171 622 4228; x_wconf 92' lang='lat' dir='ltr'><strong>iu</strong></span> <span class='ocrx_word' id='word_1_321' title='bbox 637 4171 873 4244; x_wconf 85' lang='lat' dir='ltr'><strong>recognoscendo,</strong></span> <span class='ocrx_word' id='word_1_322' title='bbox 886 4170 1054 4228; x_wconf 87' lang='lat' dir='ltr'><strong>illustrando</strong></span> <span class='ocrx_word' id='word_1_323' title='bbox 1071 4181 1097 4228; x_wconf 89' lang='lat' dir='ltr'><strong>et</strong></span> <span class='ocrx_word' id='word_1_324' title='bbox 1109 4171 1276 4242; x_wconf 85' lang='lat' dir='ltr'><strong>publicando</strong></span> <span class='ocrx_word' id='word_1_325' title='bbox 1302 4167 1493 4242; x_wconf 83' lang='lat' dir='ltr'><strong>impenderim,</strong></span> <span class='ocrx_word' id='word_1_326' title='bbox 1517 4167 1663 4225; x_wconf 90' lang='lat' dir='ltr'><strong>didiculter</strong></span> <span class='ocrx_word' id='word_1_327' title='bbox 1680 4182 1845 4240; x_wconf 85' lang='lat' dir='ltr'><strong>persuasero</strong></span> 
     </span>
     <span class='ocr_line' id='line_1_34' title="bbox 224 4261 1846 4341; baseline 0.002 -24"><span class='ocrx_word' id='word_1_328' title='bbox 224 4261 272 4331; x_wconf 90' lang='lat' dir='ltr'><strong>ils,</strong></span> <span class='ocrx_word' id='word_1_329' title='bbox 287 4265 336 4337; x_wconf 90' lang='lat' dir='ltr'><strong>qui</strong></span> <span class='ocrx_word' id='word_1_330' title='bbox 347 4267 484 4325; x_wconf 89' lang='lat' dir='ltr'><strong>similibus</strong></span> <span class='ocrx_word' id='word_1_331' title='bbox 499 4268 598 4325; x_wconf 89' lang='lat' dir='ltr'><strong>studiis</strong></span> <span class='ocrx_word' id='word_1_332' title='bbox 617 4283 759 4340; x_wconf 88' lang='lat' dir='ltr'><strong>uunquam</strong></span> <span class='ocrx_word' id='word_1_333' title='bbox 773 4278 917 4325; x_wconf 80' lang='lat' dir='ltr'><strong>vacarunt.</strong></span> <span class='ocrx_word' id='word_1_334' title='bbox 934 4265 1004 4324; x_wconf 83' lang='lat' dir='ltr'><strong>Cum</strong></span> <span class='ocrx_word' id='word_1_335' title='bbox 1020 4270 1093 4325; x_wconf 90' lang='lat' dir='ltr'><strong>enirn</strong></span> <span class='ocrx_word' id='word_1_336' title='bbox 1108 4269 1270 4341; x_wconf 90' lang='lat' dir='ltr'><strong>plerumque</strong></span> <span class='ocrx_word' id='word_1_337' title='bbox 1285 4268 1312 4323; x_wconf 89' lang='lat' dir='ltr'><strong>ln</strong></span> <span class='ocrx_word' id='word_1_338' title='bbox 1336 4265 1539 4338; x_wconf 82' lang='lat' dir='ltr'><strong>exemplaribus</strong></span> <span class='ocrx_word' id='word_1_339' title='bbox 1553 4280 1620 4323; x_wconf 87' lang='lat' dir='ltr'><strong>mss.</strong></span> <span class='ocrx_word' id='word_1_340' title='bbox 1638 4265 1702 4322; x_wconf 90' lang='lat' dir='ltr'><strong>triac</strong></span> <span class='ocrx_word' id='word_1_341' title='bbox 1713 4265 1776 4321; x_wconf 89' lang='lat' dir='ltr'><strong>inde</strong></span> <span class='ocrx_word' id='word_1_342' title='bbox 1800 4281 1846 4321; x_wconf 90' lang='lat' dir='ltr'><strong>re·</strong></span> 
     </span>
     <span class='ocr_line' id='line_1_35' title="bbox 223 4361 1847 4436; baseline 0.001 -19"><span class='ocrx_word' id='word_1_343' title='bbox 223 4361 342 4434; x_wconf 84' lang='lat' dir='ltr'><strong>perirem</strong></span> <span class='ocrx_word' id='word_1_344' title='bbox 367 4364 541 4422; x_wconf 75' lang='lat' dir='ltr'><strong>characteres</strong></span> <span class='ocrx_word' id='word_1_345' title='bbox 566 4374 594 4421; x_wconf 94' lang='lat' dir='ltr'><strong>et</strong></span> <span class='ocrx_word' id='word_1_346' title='bbox 607 4365 690 4422; x_wconf 87' lang='lat' dir='ltr'><strong>rerba</strong></span> <span class='ocrx_word' id='word_1_347' title='bbox 706 4373 841 4422; x_wconf 71' lang='lat' dir='ltr'><strong>vetustate</strong></span> <span class='ocrx_word' id='word_1_348' title='bbox 853 4366 929 4431; x_wconf 85' lang='lat' dir='ltr'><strong>trita,</strong></span> <span class='ocrx_word' id='word_1_349' title='bbox 944 4380 997 4422; x_wconf 88' lang='lat' dir='ltr'><strong>uec</strong></span> <span class='ocrx_word' id='word_1_350' title='bbox 1008 4380 1074 4431; x_wconf 91' lang='lat' dir='ltr'><strong>noa,</strong></span> <span class='ocrx_word' id='word_1_351' title='bbox 1089 4364 1203 4436; x_wconf 88' lang='lat' dir='ltr'><strong>passim,</strong></span> <span class='ocrx_word' id='word_1_352' title='bbox 1223 4362 1436 4419; x_wconf 90' lang='lat' dir='ltr'><strong>obscurissimas</strong></span> <span class='ocrx_word' id='word_1_353' title='bbox 1451 4377 1485 4418; x_wconf 88' lang='lat' dir='ltr'><strong>ac</strong></span> <span class='ocrx_word' id='word_1_354' title='bbox 1500 4376 1615 4433; x_wconf 91' lang='lat' dir='ltr'><strong>prorsus</strong></span> <span class='ocrx_word' id='word_1_355' title='bbox 1640 4362 1786 4420; x_wconf 86' lang='lat' dir='ltr'><strong>inusitatas</strong></span> <span class='ocrx_word' id='word_1_356' title='bbox 1796 4361 1847 4419; x_wconf 85' lang='lat' dir='ltr'><strong>ab·</strong></span> 
     </span>
     <span class='ocr_line' id='line_1_36' title="bbox 223 4456 1844 4536; baseline 0.002 -23"><span class='ocrx_word' id='word_1_357' title='bbox 223 4456 416 4525; x_wconf 86' lang='lat' dir='ltr'><strong>breriationes,</strong></span> <span class='ocrx_word' id='word_1_358' title='bbox 433 4460 499 4529; x_wconf 91' lang='lat' dir='ltr'><strong>imo,</strong></span> <span class='ocrx_word' id='word_1_359' title='bbox 520 4472 547 4518; x_wconf 90' lang='lat' dir='ltr'><strong>et</strong></span> <span class='ocrx_word' id='word_1_360' title='bbox 558 4463 679 4536; x_wconf 87' lang='lat' dir='ltr'><strong>integras</strong></span> <span class='ocrx_word' id='word_1_361' title='bbox 692 4465 793 4536; x_wconf 80' lang='lat' dir='ltr'><strong>saepius</strong></span> <span class='ocrx_word' id='word_1_362' title='bbox 815 4462 967 4521; x_wconf 87' lang='lat' dir='ltr'><strong>sententias</strong></span> <span class='ocrx_word' id='word_1_363' title='bbox 984 4462 1196 4520; x_wconf 83' lang='lat' dir='ltr'><strong>amanuensium</strong></span> <span class='ocrx_word' id='word_1_364' title='bbox 1207 4462 1328 4527; x_wconf 87' lang='lat' dir='ltr'><strong>incuria,</strong></span> <span class='ocrx_word' id='word_1_365' title='bbox 1348 4470 1398 4517; x_wconf 93' lang='lat' dir='ltr'><strong>aut</strong></span> <span class='ocrx_word' id='word_1_366' title='bbox 1408 4461 1546 4518; x_wconf 86' lang='lat' dir='ltr'><strong>scribendi</strong></span> <span class='ocrx_word' id='word_1_367' title='bbox 1568 4461 1766 4533; x_wconf 83' lang='lat' dir='ltr'><strong>praeetntantta</strong></span> <span class='ocrx_word' id='word_1_368' title='bbox 1783 4476 1844 4517; x_wconf 88' lang='lat' dir='ltr'><strong>otu·</strong></span> 
     </span>
     <span class='ocr_line' id='line_1_37' title="bbox 223 4553 1845 4633; baseline 0.001 -25"><span class='ocrx_word' id='word_1_369' title='bbox 223 4553 290 4611; x_wconf 90' lang='lat' dir='ltr'><strong>nino</strong></span> <span class='ocrx_word' id='word_1_370' title='bbox 302 4554 476 4626; x_wconf 89' lang='lat' dir='ltr'><strong>depraratas,</strong></span> <span class='ocrx_word' id='word_1_371' title='bbox 485 4560 642 4616; x_wconf 79' lang='lat' dir='ltr'><strong>necessario</strong></span> <span class='ocrx_word' id='word_1_372' title='bbox 658 4559 829 4633; x_wconf 88' lang='lat' dir='ltr'><strong>singulorum</strong></span> <span class='ocrx_word' id='word_1_373' title='bbox 842 4560 977 4616; x_wconf 92' lang='lat' dir='ltr'><strong>librorum</strong></span> <span class='ocrx_word' id='word_1_374' title='bbox 994 4559 1074 4632; x_wconf 89' lang='lat' dir='ltr'><strong>plura</strong></span> <span class='ocrx_word' id='word_1_375' title='bbox 1088 4558 1255 4631; x_wconf 87' lang='lat' dir='ltr'><strong>exemplaria</strong></span> <span class='ocrx_word' id='word_1_376' title='bbox 1268 4573 1429 4631; x_wconf 85' lang='lat' dir='ltr'><strong>comparare</strong></span> <span class='ocrx_word' id='word_1_377' title='bbox 1442 4558 1536 4627; x_wconf 91' lang='lat' dir='ltr'><strong>debui,</strong></span> <span class='ocrx_word' id='word_1_378' title='bbox 1552 4558 1575 4614; x_wconf 88' lang='lat' dir='ltr'><strong>si</strong></span> <span class='ocrx_word' id='word_1_379' title='bbox 1592 4557 1736 4615; x_wconf 88' lang='lat' dir='ltr'><strong>tectionem</strong></span> <span class='ocrx_word' id='word_1_380' title='bbox 1749 4554 1845 4628; x_wconf 54' lang='lat' dir='ltr'><strong>genui-1</strong></span> 
     </span>
    </p>
   </div>
   <div class='ocr_carea' id='block_1_11' title="bbox 118 4638 1846 4729">
    <p class='ocr_par' dir='ltr' id='par_1_12' title="bbox 118 4638 1846 4729">
     <span class='ocr_line' id='line_1_38' title="bbox 118 4638 1846 4729; baseline 0.003 -28"><span class='ocrx_word' id='word_1_381' title='bbox 118 4638 127 4646; x_wconf 63' lang='lat'><strong>⁴</strong></span> <span class='ocrx_word' id='word_1_382' title='bbox 223 4660 287 4701; x_wconf 90' lang='lat' dir='ltr'><strong>nam</strong></span> <span class='ocrx_word' id='word_1_383' title='bbox 302 4647 429 4720; x_wconf 75' lang='lat' dir='ltr'><strong>colligere</strong></span> <span class='ocrx_word' id='word_1_384' title='bbox 452 4653 549 4709; x_wconf 85' lang='lat' dir='ltr'><strong>retient</strong></span> <span class='ocrx_word' id='word_1_385' title='bbox 567 4672 574 4709; x_wconf 90' lang='lat'>:</span> <span class='ocrx_word' id='word_1_386' title='bbox 594 4655 705 4725; x_wconf 90' lang='lat' dir='ltr'><strong>quibus,</strong></span> <span class='ocrx_word' id='word_1_387' title='bbox 721 4670 775 4711; x_wconf 92' lang='lat' dir='ltr'><strong>uon</strong></span> <span class='ocrx_word' id='word_1_388' title='bbox 790 4655 849 4712; x_wconf 90' lang='lat' dir='ltr'><strong>sine</strong></span> <span class='ocrx_word' id='word_1_389' title='bbox 863 4656 972 4728; x_wconf 86' lang='lat' dir='ltr'><strong>magnis</strong></span> <span class='ocrx_word' id='word_1_390' title='bbox 982 4656 1112 4729; x_wconf 81' lang='lat' dir='ltr'><strong>expensis</strong></span> <span class='ocrx_word' id='word_1_391' title='bbox 1125 4664 1152 4712; x_wconf 89' lang='lat' dir='ltr'><strong>et</strong></span> <span class='ocrx_word' id='word_1_392' title='bbox 1167 4655 1384 4728; x_wconf 75' lang='lat' dir='ltr'><strong>fatigationibus,</strong></span> <span class='ocrx_word' id='word_1_393' title='bbox 1398 4656 1583 4728; x_wconf 80' lang='lat' dir='ltr'><strong>undequaque</strong></span> <span class='ocrx_word' id='word_1_394' title='bbox 1600 4653 1710 4711; x_wconf 85' lang='lat' dir='ltr'><strong>tandem</strong></span> <span class='ocrx_word' id='word_1_395' title='bbox 1732 4653 1846 4723; x_wconf 80' lang='lat' dir='ltr'><strong>coitqui·</strong></span> 
     </span>
    </p>
   </div>
   <div class='ocr_carea' id='block_1_12' title="bbox 220 4744 1847 5105">
    <p class='ocr_par' dir='ltr' id='par_1_13' title="bbox 220 4744 1847 5105">
     <span class='ocr_line' id='line_1_39' title="bbox 223 4744 1844 4828; baseline 0.004 -28"><span class='ocrx_word' id='word_1_396' title='bbox 223 4744 295 4811; x_wconf 87' lang='lat' dir='ltr'><strong>sitis,</strong></span> <span class='ocrx_word' id='word_1_397' title='bbox 311 4746 375 4803; x_wconf 89' lang='lat' dir='ltr'><strong>durn</strong></span> <span class='ocrx_word' id='word_1_398' title='bbox 387 4764 419 4804; x_wconf 88' lang='lat' dir='ltr'><strong>ea</strong></span> <span class='ocrx_word' id='word_1_399' title='bbox 431 4752 628 4821; x_wconf 88' lang='lat' dir='ltr'><strong>examinarem,</strong></span> <span class='ocrx_word' id='word_1_400' title='bbox 642 4763 670 4809; x_wconf 92' lang='lat' dir='ltr'><strong>et</strong></span> <span class='ocrx_word' id='word_1_401' title='bbox 686 4753 758 4810; x_wconf 88' lang='lat' dir='ltr'><strong>inter</strong></span> <span class='ocrx_word' id='word_1_402' title='bbox 772 4770 803 4812; x_wconf 90' lang='lat' dir='ltr'><strong>se</strong></span> <span class='ocrx_word' id='word_1_403' title='bbox 819 4754 985 4825; x_wconf 76' lang='lat' dir='ltr'><strong>conferrem,</strong></span> <span class='ocrx_word' id='word_1_404' title='bbox 1001 4766 1031 4813; x_wconf 94' lang='lat' dir='ltr'><strong>ut</strong></span> <span class='ocrx_word' id='word_1_405' title='bbox 1042 4756 1125 4813; x_wconf 90' lang='lat' dir='ltr'><strong>unius</strong></span> <span class='ocrx_word' id='word_1_406' title='bbox 1140 4757 1267 4813; x_wconf 89' lang='lat' dir='ltr'><strong>mutilum</strong></span> <span class='ocrx_word' id='word_1_407' title='bbox 1290 4771 1340 4828; x_wconf 90' lang='lat' dir='ltr'><strong>per</strong></span> <span class='ocrx_word' id='word_1_408' title='bbox 1351 4754 1424 4812; x_wconf 90' lang='lat' dir='ltr'><strong>aliud</strong></span> <span class='ocrx_word' id='word_1_409' title='bbox 1447 4756 1621 4826; x_wconf 84' lang='lat' dir='ltr'><strong>supplerem,</strong></span> <span class='ocrx_word' id='word_1_410' title='bbox 1640 4760 1689 4808; x_wconf 90' lang='lat' dir='ltr'><strong>aut</strong></span> <span class='ocrx_word' id='word_1_411' title='bbox 1711 4751 1844 4807; x_wconf 88' lang='lat' dir='ltr'><strong>mendum</strong></span> 
     </span>
     <span class='ocr_line' id='line_1_40' title="bbox 222 4836 1846 4917; baseline 0.002 -22"><span class='ocrx_word' id='word_1_412' title='bbox 222 4839 408 4909; x_wconf 89' lang='lat' dir='ltr'><strong>emendarem,</strong></span> <span class='ocrx_word' id='word_1_413' title='bbox 427 4843 515 4915; x_wconf 90' lang='lat' dir='ltr'><strong>reperi</strong></span> <span class='ocrx_word' id='word_1_414' title='bbox 531 4846 668 4917; x_wconf 89' lang='lat' dir='ltr'><strong>plerisque</strong></span> <span class='ocrx_word' id='word_1_415' title='bbox 678 4845 706 4902; x_wconf 91' lang='lat' dir='ltr'><strong>in</strong></span> <span class='ocrx_word' id='word_1_416' title='bbox 721 4846 800 4914; x_wconf 91' lang='lat' dir='ltr'><strong>focis,</strong></span> <span class='ocrx_word' id='word_1_417' title='bbox 816 4863 870 4904; x_wconf 92' lang='lat' dir='ltr'><strong>non</strong></span> <span class='ocrx_word' id='word_1_418' title='bbox 888 4848 1056 4905; x_wconf 86' lang='lat' dir='ltr'><strong>dictionibus</strong></span> <span class='ocrx_word' id='word_1_419' title='bbox 1072 4836 1189 4915; x_wconf 81' lang='lat' dir='ltr'><strong>t&#39;antum,</strong></span> <span class='ocrx_word' id='word_1_420' title='bbox 1203 4846 1346 4904; x_wconf 85' lang='lat' dir='ltr'><strong>sententiis</strong></span> <span class='ocrx_word' id='word_1_421' title='bbox 1359 4854 1387 4903; x_wconf 92' lang='lat' dir='ltr'><strong>et</strong></span> <span class='ocrx_word' id='word_1_422' title='bbox 1400 4845 1537 4917; x_wconf 87' lang='lat' dir='ltr'><strong>periodis,</strong></span> <span class='ocrx_word' id='word_1_423' title='bbox 1554 4857 1648 4900; x_wconf 87' lang='lat' dir='ltr'><strong>rerunt</strong></span> <span class='ocrx_word' id='word_1_424' title='bbox 1671 4842 1753 4898; x_wconf 88' lang='lat' dir='ltr'><strong>etiam</strong></span> <span class='ocrx_word' id='word_1_425' title='bbox 1767 4844 1846 4915; x_wconf 51' lang='lat' dir='ltr'><strong>pagi*</strong></span> 
     </span>
     <span class='ocr_line' id='line_1_41' title="bbox 221 4934 1847 5012; baseline 0.001 -23"><span class='ocrx_word' id='word_1_426' title='bbox 221 4934 266 4991; x_wconf 89' lang='lat' dir='ltr'><strong>ais</strong></span> <span class='ocrx_word' id='word_1_427' title='bbox 281 4934 395 5007; x_wconf 87' lang='lat' dir='ltr'><strong>integris</strong></span> <span class='ocrx_word' id='word_1_428' title='bbox 410 4938 544 5005; x_wconf 87' lang='lat' dir='ltr'><strong>confusis,</strong></span> <span class='ocrx_word' id='word_1_429' title='bbox 560 4939 672 4996; x_wconf 92' lang='lat' dir='ltr'><strong>omissis</strong></span> <span class='ocrx_word' id='word_1_430' title='bbox 683 4939 725 4995; x_wconf 88' lang='lat' dir='ltr'><strong>rel</strong></span> <span class='ocrx_word' id='word_1_431' title='bbox 742 4939 867 5006; x_wconf 82' lang='lat' dir='ltr'><strong>insertis.</strong></span> <span class='ocrx_word' id='word_1_432' title='bbox 878 4941 1046 5012; x_wconf 87' lang='lat' dir='ltr'><strong>discrepare.</strong></span> <span class='ocrx_word' id='word_1_433' title='bbox 1062 4939 1198 4997; x_wconf 82' lang='lat' dir='ltr'><strong>Omnibus</strong></span> <span class='ocrx_word' id='word_1_434' title='bbox 1214 4948 1304 4995; x_wconf 78' lang='lat' dir='ltr'><strong>tantm</strong></span> <span class='ocrx_word' id='word_1_435' title='bbox 1321 4940 1364 4996; x_wconf 82' lang='lat' dir='ltr'><strong>liis</strong></span> <span class='ocrx_word' id='word_1_436' title='bbox 1387 4938 1589 4994; x_wconf 88' lang='lat' dir='ltr'><strong>difficultatibus</strong></span> <span class='ocrx_word' id='word_1_437' title='bbox 1611 4934 1736 5005; x_wconf 87' lang='lat' dir='ltr'><strong>improbo</strong></span> <span class='ocrx_word' id='word_1_438' title='bbox 1750 4934 1847 4992; x_wconf 86' lang='lat' dir='ltr'><strong>labora</strong></span> 
     </span>
     <span class='ocr_line' id='line_1_42' title="bbox 220 5025 1843 5105; baseline -0.002 -21"><span class='ocrx_word' id='word_1_439' title='bbox 220 5031 357 5100; x_wconf 80' lang='lat' dir='ltr'><strong>superans</strong></span> <span class='ocrx_word' id='word_1_440' title='bbox 376 5032 489 5104; x_wconf 84' lang='lat' dir='ltr'><strong>(optima</strong></span> <span class='ocrx_word' id='word_1_441' title='bbox 504 5032 567 5097; x_wconf 85' lang='lat' dir='ltr'><strong>tide,</strong></span> <span class='ocrx_word' id='word_1_442' title='bbox 580 5033 648 5088; x_wconf 90' lang='lat' dir='ltr'><strong>nibil</strong></span> <span class='ocrx_word' id='word_1_443' title='bbox 661 5030 695 5087; x_wconf 93' lang='lat' dir='ltr'><strong>de</strong></span> <span class='ocrx_word' id='word_1_444' title='bbox 707 5046 769 5088; x_wconf 88' lang='lat' dir='ltr'><strong>men</strong></span> <span class='ocrx_word' id='word_1_445' title='bbox 780 5031 906 5088; x_wconf 90' lang='lat' dir='ltr'><strong>addendo</strong></span> <span class='ocrx_word' id='word_1_446' title='bbox 920 5040 968 5089; x_wconf 87' lang='lat' dir='ltr'><strong>aut</strong></span> <span class='ocrx_word' id='word_1_447' title='bbox 982 5034 1126 5105; x_wconf 87' lang='lat' dir='ltr'><strong>mutando)</strong></span> <span class='ocrx_word' id='word_1_448' title='bbox 1142 5041 1234 5105; x_wconf 90' lang='lat' dir='ltr'><strong>partes</strong></span> <span class='ocrx_word' id='word_1_449' title='bbox 1248 5030 1359 5085; x_wconf 84' lang='lat' dir='ltr'><strong>auulsas</strong></span> <span class='ocrx_word' id='word_1_450' title='bbox 1374 5039 1401 5085; x_wconf 91' lang='lat' dir='ltr'><strong>et</strong></span> <span class='ocrx_word' id='word_1_451' title='bbox 1416 5027 1597 5100; x_wconf 85' lang='lat' dir='ltr'><strong>transpositas</strong></span> <span class='ocrx_word' id='word_1_452' title='bbox 1613 5026 1641 5081; x_wconf 92' lang='lat' dir='ltr'><strong>in</strong></span> <span class='ocrx_word' id='word_1_453' title='bbox 1656 5025 1749 5084; x_wconf 90' lang='lat' dir='ltr'><strong>iocum</strong></span> <span class='ocrx_word' id='word_1_454' title='bbox 1762 5041 1843 5082; x_wconf 90' lang='lat' dir='ltr'><strong>suum</strong></span> 
     </span>
    </p>
   </div>
   <div class='ocr_carea' id='block_1_13' title="bbox 220 5116 1844 5283">
    <p class='ocr_par' dir='ltr' id='par_1_14' title="bbox 220 5116 1844 5283">
     <span class='ocr_line' id='line_1_43' title="bbox 221 5116 1842 5194; baseline -0.003 -19"><span class='ocrx_word' id='word_1_455' title='bbox 221 5121 340 5188; x_wconf 90' lang='lat' dir='ltr'><strong>restitui,</strong></span> <span class='ocrx_word' id='word_1_456' title='bbox 355 5123 497 5194; x_wconf 87' lang='lat' dir='ltr'><strong>textuique</strong></span> <span class='ocrx_word' id='word_1_457' title='bbox 510 5123 653 5179; x_wconf 88' lang='lat' dir='ltr'><strong>lectionem</strong></span> <span class='ocrx_word' id='word_1_458' title='bbox 673 5123 775 5194; x_wconf 86' lang='lat' dir='ltr'><strong>aptari,</strong></span> <span class='ocrx_word' id='word_1_459' title='bbox 788 5139 869 5193; x_wconf 87' lang='lat' dir='ltr'><strong>quam</strong></span> <span class='ocrx_word' id='word_1_460' title='bbox 887 5123 1022 5180; x_wconf 83' lang='lat' dir='ltr'><strong>veriorem</strong></span> <span class='ocrx_word' id='word_1_461' title='bbox 1046 5139 1079 5178; x_wconf 85' lang='lat' dir='ltr'><strong>er</strong></span> <span class='ocrx_word' id='word_1_462' title='bbox 1096 5138 1177 5179; x_wconf 90' lang='lat' dir='ltr'><strong>sensu</strong></span> <span class='ocrx_word' id='word_1_463' title='bbox 1194 5123 1291 5179; x_wconf 79' lang='lat' dir='ltr'><strong>littera</strong></span> <span class='ocrx_word' id='word_1_464' title='bbox 1312 5130 1340 5176; x_wconf 86' lang='lat' dir='ltr'><strong>et</strong></span> <span class='ocrx_word' id='word_1_465' title='bbox 1362 5134 1497 5176; x_wconf 88' lang='lat' dir='ltr'><strong>consensu</strong></span> <span class='ocrx_word' id='word_1_466' title='bbox 1517 5119 1643 5175; x_wconf 86' lang='lat' dir='ltr'><strong>codicum</strong></span> <span class='ocrx_word' id='word_1_467' title='bbox 1667 5116 1842 5190; x_wconf 84' lang='lat' dir='ltr'><strong>deprehendi,</strong></span> 
     </span>
     <span class='ocr_line' id='line_1_44' title="bbox 220 5194 1844 5283; baseline 0.001 -21"><span class='ocrx_word' id='word_1_468' title='bbox 220 5206 329 5267; x_wconf 80' lang='lat' dir='ltr'><strong>diversa</strong></span> <span class='ocrx_word' id='word_1_469' title='bbox 341 5221 433 5268; x_wconf 87' lang='lat' dir='ltr'><strong>tamen</strong></span> <span class='ocrx_word' id='word_1_470' title='bbox 448 5212 475 5267; x_wconf 94' lang='lat' dir='ltr'><strong>in</strong></span> <span class='ocrx_word' id='word_1_471' title='bbox 492 5213 614 5283; x_wconf 82' lang='lat' dir='ltr'><strong>margine</strong></span> <span class='ocrx_word' id='word_1_472' title='bbox 625 5221 728 5267; x_wconf 85' lang='lat' dir='ltr'><strong>notata.</strong></span> <span class='ocrx_word' id='word_1_473' title='bbox 755 5209 868 5277; x_wconf 85' lang='lat' dir='ltr'><strong>Deinde,</strong></span> <span class='ocrx_word' id='word_1_474' title='bbox 892 5194 990 5282; x_wconf 70' lang='lat' dir='ltr'><strong>praeter</strong></span> <span class='ocrx_word' id='word_1_475' title='bbox 1015 5210 1163 5267; x_wconf 88' lang='lat' dir='ltr'><strong>citationes</strong></span> <span class='ocrx_word' id='word_1_476' title='bbox 1188 5225 1294 5275; x_wconf 83' lang='lat' dir='ltr'><strong>omncs,</strong></span> <span class='ocrx_word' id='word_1_477' title='bbox 1312 5208 1513 5278; x_wconf 86' lang='lat' dir='ltr'><strong>nonnullasque</strong></span> <span class='ocrx_word' id='word_1_478' title='bbox 1535 5206 1725 5264; x_wconf 86' lang='lat' dir='ltr'><strong>adnotationes</strong></span> <span class='ocrx_word' id='word_1_479' title='bbox 1747 5207 1844 5264; x_wconf 85' lang='lat' dir='ltr'><strong>breves</strong></span> 
     </span>
    </p>
   </div>
   <div class='ocr_carea' id='block_1_14' title="bbox 139 5296 1846 5661">
    <p class='ocr_par' dir='ltr' id='par_1_15' title="bbox 139 5296 1846 5661">
     <span class='ocr_line' id='line_1_45' title="bbox 219 5296 1845 5375; baseline -0.004 -17"><span class='ocrx_word' id='word_1_480' title='bbox 219 5305 337 5375; x_wconf 85' lang='lat' dir='ltr'><strong>margini</strong></span> <span class='ocrx_word' id='word_1_481' title='bbox 349 5308 430 5363; x_wconf 88' lang='lat' dir='ltr'><strong>etiam</strong></span> <span class='ocrx_word' id='word_1_482' title='bbox 446 5304 646 5375; x_wconf 87' lang='lat' dir='ltr'><strong>superadditas,</strong></span> <span class='ocrx_word' id='word_1_483' title='bbox 661 5314 688 5361; x_wconf 91' lang='lat' dir='ltr'><strong>et</strong></span> <span class='ocrx_word' id='word_1_484' title='bbox 702 5306 810 5361; x_wconf 80' lang='lat' dir='ltr'><strong>diuersa</strong></span> <span class='ocrx_word' id='word_1_485' title='bbox 832 5307 1022 5360; x_wconf 87' lang='lat' dir='ltr'><strong>ebaractcrum</strong></span> <span class='ocrx_word' id='word_1_486' title='bbox 1039 5319 1152 5375; x_wconf 85' lang='lat' dir='ltr'><strong>genera,</strong></span> <span class='ocrx_word' id='word_1_487' title='bbox 1174 5302 1276 5374; x_wconf 90' lang='lat' dir='ltr'><strong>quibus</strong></span> <span class='ocrx_word' id='word_1_488' title='bbox 1291 5301 1421 5358; x_wconf 90' lang='lat' dir='ltr'><strong>nonnulla</strong></span> <span class='ocrx_word' id='word_1_489' title='bbox 1436 5300 1569 5371; x_wconf 89' lang='lat' dir='ltr'><strong>distingui</strong></span> <span class='ocrx_word' id='word_1_490' title='bbox 1588 5300 1761 5363; x_wconf 86' lang='lat' dir='ltr'><strong>curarimas;</strong></span> <span class='ocrx_word' id='word_1_491' title='bbox 1785 5296 1845 5353; x_wconf 86' lang='lat' dir='ltr'><strong>sin·</strong></span> 
     </span>
     <span class='ocr_line' id='line_1_46' title="bbox 220 5393 1846 5468; baseline -0.001 -19"><span class='ocrx_word' id='word_1_492' title='bbox 220 5394 293 5464; x_wconf 79' lang='lat' dir='ltr'><strong>gulis</strong></span> <span class='ocrx_word' id='word_1_493' title='bbox 307 5410 417 5467; x_wconf 86' lang='lat' dir='ltr'><strong>quoque</strong></span> <span class='ocrx_word' id='word_1_494' title='bbox 432 5396 509 5453; x_wconf 90' lang='lat' dir='ltr'><strong>fibris</strong></span> <span class='ocrx_word' id='word_1_495' title='bbox 522 5397 648 5468; x_wconf 83' lang='lat' dir='ltr'><strong>quasdam</strong></span> <span class='ocrx_word' id='word_1_496' title='bbox 666 5395 872 5467; x_wconf 84' lang='lat' dir='ltr'><strong>prolegomena,</strong></span> <span class='ocrx_word' id='word_1_497' title='bbox 887 5411 935 5452; x_wconf 91' lang='lat' dir='ltr'><strong>seu</strong></span> <span class='ocrx_word' id='word_1_498' title='bbox 949 5394 1126 5467; x_wconf 76' lang='lat' dir='ltr'><strong>prefationes</strong></span> <span class='ocrx_word' id='word_1_499' title='bbox 1138 5393 1326 5466; x_wconf 79' lang='lat' dir='ltr'><strong>praedrimus,</strong></span> <span class='ocrx_word' id='word_1_500' title='bbox 1349 5393 1498 5452; x_wconf 84' lang='lat' dir='ltr'><strong>foetoribus</strong></span> <span class='ocrx_word' id='word_1_501' title='bbox 1520 5395 1649 5453; x_wconf 88' lang='lat' dir='ltr'><strong>omnibus</strong></span> <span class='ocrx_word' id='word_1_502' title='bbox 1672 5405 1846 5464; x_wconf 84' lang='lat' dir='ltr'><strong>percommo-</strong></span> 
     </span>
     <span class='ocr_line' id='line_1_47' title="bbox 219 5488 1843 5564; baseline -0.004 -16"><span class='ocrx_word' id='word_1_503' title='bbox 219 5490 280 5548; x_wconf 77' lang='lat' dir='ltr'><strong>das.</strong></span> <span class='ocrx_word' id='word_1_504' title='bbox 297 5489 320 5544; x_wconf 81' lang='grc' dir='ltr'><strong>Α</strong></span> <span class='ocrx_word' id='word_1_505' title='bbox 333 5491 447 5548; x_wconf 83' lang='lat' dir='ltr'><strong>scholiis</strong></span> <span class='ocrx_word' id='word_1_506' title='bbox 462 5502 552 5550; x_wconf 80' lang='lat' dir='ltr'><strong>tamur</strong></span> <span class='ocrx_word' id='word_1_507' title='bbox 565 5501 593 5548; x_wconf 93' lang='lat' dir='ltr'><strong>et</strong></span> <span class='ocrx_word' id='word_1_508' title='bbox 604 5491 828 5550; x_wconf 87' lang='lat' dir='ltr'><strong>adnotationibus</strong></span> <span class='ocrx_word' id='word_1_509' title='bbox 840 5491 1036 5564; x_wconf 88' lang='lat' dir='ltr'><strong>proiixioribus</strong></span> <span class='ocrx_word' id='word_1_510' title='bbox 1049 5490 1183 5559; x_wconf 89' lang='lat' dir='ltr'><strong>abstinui,</strong></span> <span class='ocrx_word' id='word_1_511' title='bbox 1207 5491 1309 5563; x_wconf 90' lang='lat' dir='ltr'><strong>quibus</strong></span> <span class='ocrx_word' id='word_1_512' title='bbox 1334 5488 1531 5547; x_wconf 85' lang='lat' dir='ltr'><strong>modernorum</strong></span> <span class='ocrx_word' id='word_1_513' title='bbox 1553 5489 1691 5563; x_wconf 83' lang='lat' dir='ltr'><strong>plerique,</strong></span> <span class='ocrx_word' id='word_1_514' title='bbox 1715 5494 1843 5544; x_wconf 80' lang='lat' dir='ltr'><strong>auctores</strong></span> 
     </span>
     <span class='ocr_line' id='line_1_48' title="bbox 139 5576 1839 5661; baseline -0.002 -23"><span class='ocrx_word' id='word_1_515' title='bbox 139 5626 143 5633; x_wconf 92' lang='lat'><strong>.</strong></span> <span class='ocrx_word' id='word_1_516' title='bbox 220 5583 289 5642; x_wconf 85' lang='lat' dir='ltr'><strong>alias</strong></span> <span class='ocrx_word' id='word_1_517' title='bbox 303 5585 434 5661; x_wconf 82' lang='lat' dir='ltr'><strong>optimus,</strong></span> <span class='ocrx_word' id='word_1_518' title='bbox 448 5593 474 5641; x_wconf 89' lang='lat' dir='ltr'><strong>et</strong></span> <span class='ocrx_word' id='word_1_519' title='bbox 489 5600 537 5656; x_wconf 89' lang='lat' dir='ltr'><strong>per</strong></span> <span class='ocrx_word' id='word_1_520' title='bbox 555 5601 584 5644; x_wconf 92' lang='lat' dir='ltr'><strong>sc</strong></span> <span class='ocrx_word' id='word_1_521' title='bbox 598 5585 779 5657; x_wconf 86' lang='lat' dir='ltr'><strong>clarissimos,</strong></span> <span class='ocrx_word' id='word_1_522' title='bbox 796 5600 981 5659; x_wconf 86' lang='lat' dir='ltr'><strong>conspurcare</strong></span> <span class='ocrx_word' id='word_1_523' title='bbox 1006 5582 1093 5659; x_wconf 88' lang='lat' dir='ltr'><strong>magis</strong></span> <span class='ocrx_word' id='word_1_524' title='bbox 1118 5601 1201 5659; x_wconf 82' lang='lat' dir='ltr'><strong>quatu</strong></span> <span class='ocrx_word' id='word_1_525' title='bbox 1232 5583 1370 5644; x_wconf 83' lang='lat' dir='ltr'><strong>illustrare</strong></span> <span class='ocrx_word' id='word_1_526' title='bbox 1392 5588 1602 5642; x_wconf 85' lang='lat' dir='ltr'><strong>ootrsucrerunt.</strong></span> <span class='ocrx_word' id='word_1_527' title='bbox 1620 5576 1723 5637; x_wconf 81' lang='lat' dir='ltr'><strong>Eorum</strong></span> <span class='ocrx_word' id='word_1_528' title='bbox 1747 5586 1839 5637; x_wconf 86' lang='lat' dir='ltr'><strong>autern</strong></span> 
     </span>
    </p>
   </div>
   <div class='ocr_carea' id='block_1_15' title="bbox 0 0 2000 6039">
    <p class='ocr_par' dir='ltr' id='par_1_16' title="bbox 0 0 2000 6039">
     <span class='ocr_line' id='line_1_49' title="bbox 0 0 2000 6039; baseline 0 0"><span class='ocrx_word' id='word_1_529' title='bbox 0 0 2000 6039; x_wconf 95' lang='lat' dir='ltr'><strong> </strong></span> 
     </span>
    </p>
   </div>
  </div>
 </body>
</html>
