<?xml version="1.0" encoding="UTF-8"?>
<!DOCTYPE html PUBLIC "-//W3C//DTD XHTML 1.0 Transitional//EN"
    "http://www.w3.org/TR/xhtml1/DTD/xhtml1-transitional.dtd">
<html xmlns="http://www.w3.org/1999/xhtml" xml:lang="en" lang="en">
 <head>
  <title>
</title>
<meta http-equiv="Content-Type" content="text/html;charset=utf-8" />
  <meta name='ocr-system' content='tesseract 3.04.00' />
  <meta name='ocr-capabilities' content='ocr_page ocr_carea ocr_par ocr_line ocrx_word'/>
</head>
<body>
  <div class='ocr_page' id='page_1' title='image "./patrologiaecurs127migngoog/patrologiaecurs127migngoog_0196.png"; bbox 0 0 3992 6042; ppageno 0'>
   <div class='ocr_carea' id='block_1_1' title="bbox 233 244 1869 305">
    <p class='ocr_par' dir='ltr' id='par_1_1' title="bbox 233 244 1869 305">
     <span class='ocr_line' id='line_1_1' title="bbox 233 244 1869 305; baseline -0.001 -2"><span class='ocrx_word' id='word_1_1' title='bbox 233 246 286 303; x_wconf 71' lang='lat' dir='ltr'><strong>ddi</strong></span> <span class='ocrx_word' id='word_1_2' title='bbox 860 244 966 303; x_wconf 67' lang='lat' dir='ltr'><strong>matti</strong></span> <span class='ocrx_word' id='word_1_3' title='bbox 985 247 1032 305; x_wconf 81' lang='lat' dir='ltr'><strong>DE</strong></span> <span class='ocrx_word' id='word_1_4' title='bbox 1051 246 1189 304; x_wconf 75' lang='lat' dir='ltr'><strong>tostius</strong></span> <span class='ocrx_word' id='word_1_5' title='bbox 1813 245 1869 302; x_wconf 74' lang='grc'><strong>568</strong></span> 
     </span>
    </p>
   </div>
   <div class='ocr_carea' id='block_1_2' title="bbox 230 358 1871 1546">
    <p class='ocr_par' dir='ltr' id='par_1_2' title="bbox 230 358 1871 988">
     <span class='ocr_line' id='line_1_2' title="bbox 233 358 1869 433; baseline -0.002 -12"><span class='ocrx_word' id='word_1_6' title='bbox 233 360 431 421; x_wconf 69' lang='lat' dir='ltr'><strong>commercium</strong></span> <span class='ocrx_word' id='word_1_7' title='bbox 447 359 483 419; x_wconf 85' lang='lat' dir='ltr'><strong>tlt</strong></span> <span class='ocrx_word' id='word_1_8' title='bbox 498 359 533 417; x_wconf 88' lang='lat' dir='ltr'><strong>de</strong></span> <span class='ocrx_word' id='word_1_9' title='bbox 547 358 611 430; x_wconf 79' lang='lat' dir='ltr'><strong>lure</strong></span> <span class='ocrx_word' id='word_1_10' title='bbox 626 359 756 425; x_wconf 87' lang='lat' dir='ltr'><strong>naturali,</strong></span> <span class='ocrx_word' id='word_1_11' title='bbox 772 375 828 418; x_wconf 92' lang='lat' dir='ltr'><strong>non</strong></span> <span class='ocrx_word' id='word_1_12' title='bbox 844 361 872 417; x_wconf 95' lang='lat' dir='ltr'><strong>ln</strong></span> <span class='ocrx_word' id='word_1_13' title='bbox 887 362 940 419; x_wconf 88' lang='lat' dir='ltr'><strong>hoc</strong></span> <span class='ocrx_word' id='word_1_14' title='bbox 957 371 1061 432; x_wconf 65' lang='lat' dir='ltr'><strong>con-t</strong></span> <span class='ocrx_word' id='word_1_15' title='bbox 1077 362 1176 419; x_wconf 77' lang='lat' dir='ltr'><strong>Mulier</strong></span> <span class='ocrx_word' id='word_1_16' title='bbox 1188 362 1301 433; x_wconf 82' lang='lat' dir='ltr'><strong>altipeta</strong></span> <span class='ocrx_word' id='word_1_17' title='bbox 1313 369 1353 417; x_wconf 84' lang='grc' dir='ltr'><strong>εει</strong></span> <span class='ocrx_word' id='word_1_18' title='bbox 1371 360 1437 428; x_wconf 85' lang='lat' dir='ltr'><strong>uiro,</strong></span> <span class='ocrx_word' id='word_1_19' title='bbox 1457 367 1556 431; x_wconf 86' lang='lat' dir='ltr'><strong>quante</strong></span> <span class='ocrx_word' id='word_1_20' title='bbox 1582 367 1696 428; x_wconf 83' lang='lat' dir='ltr'><strong>ternpore</strong></span> <span class='ocrx_word' id='word_1_21' title='bbox 1709 360 1782 427; x_wconf 66' lang='lat' dir='ltr'><strong>rivin·</strong></span> <span class='ocrx_word' id='word_1_22' title='bbox 1797 367 1869 432; x_wconf 84' lang='lat' dir='ltr'><strong>quod</strong></span> 
     </span>
     <span class='ocr_line' id='line_1_3' title="bbox 230 450 1871 530; baseline -0.001 -17"><span class='ocrx_word' id='word_1_23' title='bbox 230 457 339 530; x_wconf 77' lang='lat' dir='ltr'><strong>juqtum</strong></span> <span class='ocrx_word' id='word_1_24' title='bbox 353 453 472 511; x_wconf 89' lang='lat' dir='ltr'><strong>naturali</strong></span> <span class='ocrx_word' id='word_1_25' title='bbox 486 452 543 523; x_wconf 76' lang='lat' dir='ltr'><strong>iuri</strong></span> <span class='ocrx_word' id='word_1_26' title='bbox 558 450 660 518; x_wconf 82' lang='lat' dir='ltr'><strong>oltriat,</strong></span> <span class='ocrx_word' id='word_1_27' title='bbox 677 451 724 506; x_wconf 87' lang='lat' dir='ltr'><strong>sed</strong></span> <span class='ocrx_word' id='word_1_28' title='bbox 736 453 828 521; x_wconf 92' lang='lat' dir='ltr'><strong>potius</strong></span> <span class='ocrx_word' id='word_1_29' title='bbox 847 464 975 511; x_wconf 82' lang='lat' dir='ltr'><strong>exornat.</strong></span> <span class='ocrx_word' id='word_1_30' title='bbox 992 453 1023 510; x_wconf 93' lang='lat' dir='ltr'><strong>lu</strong></span> <span class='ocrx_word' id='word_1_31' title='bbox 1073 458 1097 512; x_wconf 85' lang='lat' dir='ltr'><strong>ri</strong></span> <span class='ocrx_word' id='word_1_32' title='bbox 1107 456 1258 519; x_wconf 87' lang='lat' dir='ltr'><strong>dormierit,</strong></span> <span class='ocrx_word' id='word_1_33' title='bbox 1284 454 1398 509; x_wconf 83' lang='lat' dir='ltr'><strong>literato</strong></span> <span class='ocrx_word' id='word_1_34' title='bbox 1413 462 1462 520; x_wconf 85' lang='lat' dir='ltr'><strong>est,</strong></span> <span class='ocrx_word' id='word_1_35' title='bbox 1479 454 1588 507; x_wconf 87' lang='lat' dir='ltr'><strong>cuiuuit</strong></span> <span class='ocrx_word' id='word_1_36' title='bbox 1606 453 1699 520; x_wconf 80' lang='lat' dir='ltr'><strong>nudat,</strong></span> <span class='ocrx_word' id='word_1_37' title='bbox 1724 462 1827 509; x_wconf 81' lang='lat' dir='ltr'><strong>intutam</strong></span> <span class='ocrx_word' id='word_1_38' title='bbox 1839 457 1871 513; x_wconf 92' lang='lat' dir='ltr'><strong>in</strong></span> 
     </span>
     <span class='ocr_line' id='line_1_4' title="bbox 233 543 1868 619; baseline 0 -13"><span class='ocrx_word' id='word_1_39' title='bbox 233 551 286 606; x_wconf 84' lang='lat' dir='ltr'><strong>iroc</strong></span> <span class='ocrx_word' id='word_1_40' title='bbox 299 548 371 603; x_wconf 90' lang='lat' dir='ltr'><strong>enim</strong></span> <span class='ocrx_word' id='word_1_41' title='bbox 385 546 431 616; x_wconf 86' lang='lat' dir='ltr'><strong>jus</strong></span> <span class='ocrx_word' id='word_1_42' title='bbox 442 543 569 599; x_wconf 88' lang='lat' dir='ltr'><strong>naturale</strong></span> <span class='ocrx_word' id='word_1_43' title='bbox 580 550 608 599; x_wconf 89' lang='lat' dir='ltr'><strong>et</strong></span> <span class='ocrx_word' id='word_1_44' title='bbox 622 543 715 600; x_wconf 89' lang='lat' dir='ltr'><strong>carnis</strong></span> <span class='ocrx_word' id='word_1_45' title='bbox 728 547 925 604; x_wconf 87' lang='lat' dir='ltr'><strong>commercium</strong></span> <span class='ocrx_word' id='word_1_46' title='bbox 940 563 1023 604; x_wconf 82' lang='lat' dir='ltr'><strong>exor-</strong></span> <span class='ocrx_word' id='word_1_47' title='bbox 1073 547 1186 601; x_wconf 83' lang='lat' dir='ltr'><strong>Donn&#39;no</strong></span> <span class='ocrx_word' id='word_1_48' title='bbox 1212 547 1314 619; x_wconf 80' lang='lat' dir='ltr'><strong>(ibidl.</strong></span> <span class='ocrx_word' id='word_1_49' title='bbox 1345 544 1485 618; x_wconf 79' lang='lat' dir='ltr'><strong>Oltjiciunt</strong></span> <span class='ocrx_word' id='word_1_50' title='bbox 1509 545 1591 601; x_wconf 84' lang='lat' dir='ltr'><strong>etiarn</strong></span> <span class='ocrx_word' id='word_1_51' title='bbox 1620 546 1687 600; x_wconf 89' lang='lat' dir='ltr'><strong>illud</strong></span> <span class='ocrx_word' id='word_1_52' title='bbox 1716 547 1868 617; x_wconf 73' lang='lat' dir='ltr'><strong>Apostoli:</strong></span> 
     </span>
     <span class='ocr_line' id='line_1_5' title="bbox 233 636 1870 712; baseline -0.002 -13"><span class='ocrx_word' id='word_1_53' title='bbox 233 654 327 709; x_wconf 88' lang='lat' dir='ltr'><strong>natur,</strong></span> <span class='ocrx_word' id='word_1_54' title='bbox 340 641 414 711; x_wconf 89' lang='lat' dir='ltr'><strong>quod</strong></span> <span class='ocrx_word' id='word_1_55' title='bbox 433 640 516 693; x_wconf 87' lang='lat' dir='ltr'><strong>homo</strong></span> <span class='ocrx_word' id='word_1_56' title='bbox 529 637 633 709; x_wconf 87' lang='lat' dir='ltr'><strong>passim</strong></span> <span class='ocrx_word' id='word_1_57' title='bbox 650 636 773 695; x_wconf 80' lang='lat' dir='ltr'><strong>diuersas</strong></span> <span class='ocrx_word' id='word_1_58' title='bbox 793 658 847 697; x_wconf 90' lang='lat' dir='ltr'><strong>non</strong></span> <span class='ocrx_word' id='word_1_59' title='bbox 863 652 1022 712; x_wconf 72' lang='lat' dir='ltr'><strong>eognoscat,</strong></span> <span class='ocrx_word' id='word_1_60' title='bbox 1079 638 1137 693; x_wconf 78' lang='lat' dir='ltr'><strong>Viri</strong></span> <span class='ocrx_word' id='word_1_61' title='bbox 1147 640 1251 711; x_wconf 86' lang='lat' dir='ltr'><strong>diliqite</strong></span> <span class='ocrx_word' id='word_1_62' title='bbox 1266 655 1360 694; x_wconf 70' lang='lat' dir='ltr'><strong>uxores</strong></span> <span class='ocrx_word' id='word_1_63' title='bbox 1374 647 1483 702; x_wconf 79' lang='lat' dir='ltr'><strong>uestrae,</strong></span> <span class='ocrx_word' id='word_1_64' title='bbox 1496 639 1565 692; x_wconf 84' lang='lat' dir='ltr'><strong>sicut</strong></span> <span class='ocrx_word' id='word_1_65' title='bbox 1580 637 1703 692; x_wconf 76' lang='lat' dir='ltr'><strong>caristus</strong></span> <span class='ocrx_word' id='word_1_66' title='bbox 1721 638 1870 696; x_wconf 79' lang='lat' dir='ltr'><strong>Ecclesiam</strong></span> 
     </span>
     <span class='ocr_line' id='line_1_6' title="bbox 232 728 1870 805; baseline -0.001 -14"><span class='ocrx_word' id='word_1_67' title='bbox 232 737 279 792; x_wconf 87' lang='lat' dir='ltr'><strong>sed</strong></span> <span class='ocrx_word' id='word_1_68' title='bbox 297 750 380 789; x_wconf 88' lang='lat' dir='ltr'><strong>unam</strong></span> <span class='ocrx_word' id='word_1_69' title='bbox 395 732 448 789; x_wconf 85' lang='lat' dir='ltr'><strong>sibi</strong></span> <span class='ocrx_word' id='word_1_70' title='bbox 460 740 599 801; x_wconf 84' lang='lat' dir='ltr'><strong>assumal;</strong></span> <span class='ocrx_word' id='word_1_71' title='bbox 621 734 696 805; x_wconf 89' lang='lat' dir='ltr'><strong>quod</strong></span> <span class='ocrx_word' id='word_1_72' title='bbox 712 742 740 789; x_wconf 93' lang='lat' dir='ltr'><strong>et</strong></span> <span class='ocrx_word' id='word_1_73' title='bbox 754 734 781 788; x_wconf 93' lang='lat' dir='ltr'><strong>in</strong></span> <span class='ocrx_word' id='word_1_74' title='bbox 795 734 884 790; x_wconf 83' lang='lat' dir='ltr'><strong>brutis</strong></span> <span class='ocrx_word' id='word_1_75' title='bbox 897 735 1025 789; x_wconf 85' lang='lat' dir='ltr'><strong>aalmali-</strong></span> <span class='ocrx_word' id='word_1_76' title='bbox 1075 730 1186 802; x_wconf 75' lang='lat' dir='ltr'><strong>(Epiros.</strong></span> <span class='ocrx_word' id='word_1_77' title='bbox 1201 731 1240 802; x_wconf 82' lang='lat' dir='ltr'><strong>u).</strong></span> <span class='ocrx_word' id='word_1_78' title='bbox 1259 728 1289 785; x_wconf 88' lang='lat' dir='ltr'><strong>ln</strong></span> <span class='ocrx_word' id='word_1_79' title='bbox 1310 745 1366 801; x_wconf 90' lang='lat' dir='ltr'><strong>quo</strong></span> <span class='ocrx_word' id='word_1_80' title='bbox 1382 737 1479 799; x_wconf 90' lang='lat' dir='ltr'><strong>putant</strong></span> <span class='ocrx_word' id='word_1_81' title='bbox 1501 730 1699 784; x_wconf 75' lang='lat' dir='ltr'><strong>continentiam</strong></span> <span class='ocrx_word' id='word_1_82' title='bbox 1717 732 1789 787; x_wconf 90' lang='lat' dir='ltr'><strong>inter</strong></span> <span class='ocrx_word' id='word_1_83' title='bbox 1802 750 1870 789; x_wconf 89' lang='lat' dir='ltr'><strong>con·</strong></span> 
     </span>
     <span class='ocr_line' id='line_1_7' title="bbox 232 822 1871 898; baseline -0.001 -15"><span class='ocrx_word' id='word_1_84' title='bbox 232 828 285 883; x_wconf 88' lang='lat' dir='ltr'><strong>bus</strong></span> <span class='ocrx_word' id='word_1_85' title='bbox 303 827 399 894; x_wconf 85' lang='lat' dir='ltr'><strong>liquet,</strong></span> <span class='ocrx_word' id='word_1_86' title='bbox 416 841 478 896; x_wconf 84' lang='lat' dir='ltr'><strong>quae</strong></span> <span class='ocrx_word' id='word_1_87' title='bbox 492 825 574 880; x_wconf 90' lang='lat' dir='ltr'><strong>ducta</strong></span> <span class='ocrx_word' id='word_1_88' title='bbox 598 825 716 882; x_wconf 87' lang='lat' dir='ltr'><strong>naturali</strong></span> <span class='ocrx_word' id='word_1_89' title='bbox 734 826 807 898; x_wconf 78' lang='lat' dir='ltr'><strong>jure,</strong></span> <span class='ocrx_word' id='word_1_90' title='bbox 823 841 879 882; x_wconf 92' lang='lat' dir='ltr'><strong>non</strong></span> <span class='ocrx_word' id='word_1_91' title='bbox 905 826 1025 897; x_wconf 77' lang='lat' dir='ltr'><strong>gaudent</strong></span> <span class='ocrx_word' id='word_1_92' title='bbox 1072 823 1194 893; x_wconf 79' lang='lat' dir='ltr'><strong>jugatos,</strong></span> <span class='ocrx_word' id='word_1_93' title='bbox 1217 822 1252 877; x_wconf 89' lang='lat' dir='ltr'><strong>ab</strong></span> <span class='ocrx_word' id='word_1_94' title='bbox 1267 822 1410 892; x_wconf 82' lang='lat' dir='ltr'><strong>Apostolo,</strong></span> <span class='ocrx_word' id='word_1_95' title='bbox 1426 822 1500 877; x_wconf 88' lang='lat' dir='ltr'><strong>velut</strong></span> <span class='ocrx_word' id='word_1_96' title='bbox 1524 831 1702 892; x_wconf 86' lang='lat' dir='ltr'><strong>praeceptum,</strong></span> <span class='ocrx_word' id='word_1_97' title='bbox 1725 839 1871 881; x_wconf 75' lang='lat' dir='ltr'><strong>carrionen-</strong></span> 
     </span>
     <span class='ocr_line' id='line_1_8' title="bbox 232 912 1870 988; baseline -0.001 -16"><span class='ocrx_word' id='word_1_98' title='bbox 232 919 308 988; x_wconf 83' lang='lat' dir='ltr'><strong>pario</strong></span> <span class='ocrx_word' id='word_1_99' title='bbox 320 915 487 987; x_wconf 75' lang='lat' dir='ltr'>pluralitate,</span> <span class='ocrx_word' id='word_1_100' title='bbox 500 916 547 971; x_wconf 88' lang='lat' dir='ltr'><strong>sed</strong></span> <span class='ocrx_word' id='word_1_101' title='bbox 563 915 678 972; x_wconf 85' lang='lat' dir='ltr'><strong>unitate.</strong></span> <span class='ocrx_word' id='word_1_102' title='bbox 1074 915 1146 982; x_wconf 89' lang='lat' dir='ltr'><strong>dari,</strong></span> <span class='ocrx_word' id='word_1_103' title='bbox 1158 916 1232 986; x_wconf 90' lang='lat' dir='ltr'><strong>quod</strong></span> <span class='ocrx_word' id='word_1_104' title='bbox 1246 915 1333 969; x_wconf 86' lang='lat' dir='ltr'><strong>absit!</strong></span> <span class='ocrx_word' id='word_1_105' title='bbox 1349 912 1409 969; x_wconf 90' lang='lat' dir='ltr'><strong>Noa</strong></span> <span class='ocrx_word' id='word_1_106' title='bbox 1424 915 1498 969; x_wconf 88' lang='lat' dir='ltr'><strong>enim</strong></span> <span class='ocrx_word' id='word_1_107' title='bbox 1514 914 1567 969; x_wconf 87' lang='lat' dir='ltr'><strong>hoc</strong></span> <span class='ocrx_word' id='word_1_108' title='bbox 1580 915 1619 968; x_wconf 88' lang='lat' dir='ltr'><strong>ait</strong></span> <span class='ocrx_word' id='word_1_109' title='bbox 1631 914 1781 984; x_wconf 75' lang='lat' dir='ltr'><strong>Apostolus</strong></span> <span class='ocrx_word' id='word_1_110' title='bbox 1803 932 1870 986; x_wconf 89' lang='lat' dir='ltr'><strong>pro·</strong></span> 
     </span>
    </p>

    <p class='ocr_par' dir='ltr' id='par_1_3' title="bbox 232 1004 1871 1546">
     <span class='ocr_line' id='line_1_9' title="bbox 268 1004 1871 1082; baseline -0.002 -17"><span class='ocrx_word' id='word_1_111' title='bbox 268 1011 309 1065; x_wconf 81' lang='lat' dir='ltr'><strong>Ad</strong></span> <span class='ocrx_word' id='word_1_112' title='bbox 321 1011 446 1066; x_wconf 89' lang='lat' dir='ltr'><strong>ultimam</strong></span> <span class='ocrx_word' id='word_1_113' title='bbox 459 1010 642 1081; x_wconf 87' lang='lat' dir='ltr'><strong>objectionem</strong></span> <span class='ocrx_word' id='word_1_114' title='bbox 657 1010 775 1067; x_wconf 88' lang='lat' dir='ltr'><strong>dicimus</strong></span> <span class='ocrx_word' id='word_1_115' title='bbox 786 1010 860 1081; x_wconf 91' lang='lat' dir='ltr'><strong>quod</strong></span> <span class='ocrx_word' id='word_1_116' title='bbox 875 1009 1025 1082; x_wconf 79' lang='lat' dir='ltr'><strong>Apostolus</strong></span> <span class='ocrx_word' id='word_1_117' title='bbox 1074 1015 1137 1076; x_wconf 88' lang='lat' dir='ltr'><strong>pter</strong></span> <span class='ocrx_word' id='word_1_118' title='bbox 1157 1006 1366 1071; x_wconf 77' lang='lat' dir='ltr'><strong>continentiam,</strong></span> <span class='ocrx_word' id='word_1_119' title='bbox 1383 1005 1432 1061; x_wconf 85' lang='lat' dir='ltr'><strong>sod</strong></span> <span class='ocrx_word' id='word_1_120' title='bbox 1457 1005 1492 1059; x_wconf 89' lang='lat' dir='ltr'><strong>ad</strong></span> <span class='ocrx_word' id='word_1_121' title='bbox 1516 1004 1737 1060; x_wconf 81' lang='lat' dir='ltr'><strong>confirmandum</strong></span> <span class='ocrx_word' id='word_1_122' title='bbox 1753 1007 1871 1062; x_wconf 80' lang='lat' dir='ltr'><strong>sincerae</strong></span> 
     </span>
     <span class='ocr_line' id='line_1_10' title="bbox 233 1100 1869 1174; baseline -0.001 -15"><span class='ocrx_word' id='word_1_123' title='bbox 233 1118 289 1159; x_wconf 92' lang='lat' dir='ltr'><strong>non</strong></span> <span class='ocrx_word' id='word_1_124' title='bbox 305 1103 368 1158; x_wconf 90' lang='lat' dir='ltr'><strong>ideo</strong></span> <span class='ocrx_word' id='word_1_125' title='bbox 383 1103 491 1159; x_wconf 86' lang='lat' dir='ltr'><strong>volebat</strong></span> <span class='ocrx_word' id='word_1_126' title='bbox 505 1119 553 1159; x_wconf 85' lang='lat' dir='ltr'><strong>eos</strong></span> <span class='ocrx_word' id='word_1_127' title='bbox 569 1103 670 1174; x_wconf 85' lang='lat' dir='ltr'><strong>quibus</strong></span> <span class='ocrx_word' id='word_1_128' title='bbox 685 1105 833 1170; x_wconf 86' lang='lat' dir='ltr'><strong>scribebat,</strong></span> <span class='ocrx_word' id='word_1_129' title='bbox 845 1120 906 1161; x_wconf 87' lang='lat' dir='ltr'><strong>esse</strong></span> <span class='ocrx_word' id='word_1_130' title='bbox 919 1105 1025 1161; x_wconf 86' lang='lat' dir='ltr'><strong>solutos</strong></span> <span class='ocrx_word' id='word_1_131' title='bbox 1075 1100 1230 1158; x_wconf 79' lang='lat' dir='ltr'><strong>dilectionis</strong></span> <span class='ocrx_word' id='word_1_132' title='bbox 1246 1102 1399 1170; x_wconf 83' lang='lat' dir='ltr'><strong>vinculum,</strong></span> <span class='ocrx_word' id='word_1_133' title='bbox 1414 1110 1455 1167; x_wconf 91' lang='lat' dir='ltr'><strong>nt,</strong></span> <span class='ocrx_word' id='word_1_134' title='bbox 1472 1100 1496 1157; x_wconf 86' lang='lat' dir='ltr'><strong>si</strong></span> <span class='ocrx_word' id='word_1_135' title='bbox 1523 1116 1636 1157; x_wconf 88' lang='lat' dir='ltr'><strong>necesse</strong></span> <span class='ocrx_word' id='word_1_136' title='bbox 1664 1100 1760 1167; x_wconf 83' lang='lat' dir='ltr'><strong>luerit,</strong></span> <span class='ocrx_word' id='word_1_137' title='bbox 1777 1105 1869 1159; x_wconf 84' lang='lat' dir='ltr'><strong>virum</strong></span> 
     </span>
     <span class='ocr_line' id='line_1_11' title="bbox 232 1193 1869 1269; baseline -0.001 -16"><span class='ocrx_word' id='word_1_138' title='bbox 232 1196 394 1269; x_wconf 76' lang='lat' dir='ltr'><strong>aconioqin</strong></span> <span class='ocrx_word' id='word_1_139' title='bbox 405 1204 432 1252; x_wconf 89' lang='lat' dir='ltr'><strong>et</strong></span> <span class='ocrx_word' id='word_1_140' title='bbox 449 1196 622 1252; x_wconf 86' lang='lat' dir='ltr'><strong>continentes</strong></span> <span class='ocrx_word' id='word_1_141' title='bbox 637 1212 708 1263; x_wconf 88' lang='lat' dir='ltr'><strong>esse,</strong></span> <span class='ocrx_word' id='word_1_142' title='bbox 727 1198 801 1268; x_wconf 89' lang='lat' dir='ltr'><strong>quod</strong></span> <span class='ocrx_word' id='word_1_143' title='bbox 814 1198 973 1268; x_wconf 78' lang='lat' dir='ltr'><strong>eonjugium</strong></span> <span class='ocrx_word' id='word_1_144' title='bbox 989 1197 1026 1252; x_wconf 90' lang='lat' dir='ltr'><strong>sit</strong></span> <span class='ocrx_word' id='word_1_145' title='bbox 1075 1193 1181 1262; x_wconf 85' lang='lat' dir='ltr'><strong>aliquia</strong></span> <span class='ocrx_word' id='word_1_146' title='bbox 1199 1208 1250 1264; x_wconf 90' lang='lat' dir='ltr'><strong>pro</strong></span> <span class='ocrx_word' id='word_1_147' title='bbox 1263 1209 1348 1250; x_wconf 81' lang='lat' dir='ltr'><strong>uxore</strong></span> <span class='ocrx_word' id='word_1_148' title='bbox 1361 1194 1417 1263; x_wconf 90' lang='lat' dir='ltr'><strong>pati</strong></span> <span class='ocrx_word' id='word_1_149' title='bbox 1441 1209 1497 1248; x_wconf 90' lang='lat' dir='ltr'><strong>non</strong></span> <span class='ocrx_word' id='word_1_150' title='bbox 1521 1204 1639 1258; x_wconf 86' lang='lat' dir='ltr'><strong>recuset,</strong></span> <span class='ocrx_word' id='word_1_151' title='bbox 1655 1196 1727 1250; x_wconf 86' lang='lat' dir='ltr'><strong>sicut</strong></span> <span class='ocrx_word' id='word_1_152' title='bbox 1739 1193 1869 1251; x_wconf 82' lang='lat' dir='ltr'><strong>Cirr-istus</strong></span> 
     </span>
     <span class='ocr_line' id='line_1_12' title="bbox 233 1284 1869 1361; baseline -0.002 -16"><span class='ocrx_word' id='word_1_153' title='bbox 233 1292 348 1354; x_wconf 85' lang='lat' dir='ltr'><strong>tunium,</strong></span> <span class='ocrx_word' id='word_1_154' title='bbox 365 1290 411 1346; x_wconf 87' lang='lat' dir='ltr'><strong>sed</strong></span> <span class='ocrx_word' id='word_1_155' title='bbox 423 1289 486 1345; x_wconf 84' lang='lat' dir='ltr'><strong>ideo</strong></span> <span class='ocrx_word' id='word_1_156' title='bbox 504 1289 570 1360; x_wconf 89' lang='lat' dir='ltr'><strong>quia</strong></span> <span class='ocrx_word' id='word_1_157' title='bbox 593 1288 736 1361; x_wconf 78' lang='lat' dir='ltr'><strong>virginalis</strong></span> <span class='ocrx_word' id='word_1_158' title='bbox 751 1290 893 1346; x_wconf 81' lang='lat' dir='ltr'><strong>statusvel</strong></span> <span class='ocrx_word' id='word_1_159' title='bbox 907 1290 1025 1346; x_wconf 86' lang='lat' dir='ltr'><strong>vidualis</strong></span> <span class='ocrx_word' id='word_1_160' title='bbox 1075 1300 1127 1357; x_wconf 84' lang='lat' dir='ltr'><strong>pro</strong></span> <span class='ocrx_word' id='word_1_161' title='bbox 1140 1285 1308 1356; x_wconf 79' lang='lat' dir='ltr'><strong>desponsata</strong></span> <span class='ocrx_word' id='word_1_162' title='bbox 1334 1285 1388 1341; x_wconf 81' lang='lat' dir='ltr'><strong>silui</strong></span> <span class='ocrx_word' id='word_1_163' title='bbox 1411 1284 1546 1352; x_wconf 84' lang='lat' dir='ltr'><strong>Ecclesia,</strong></span> <span class='ocrx_word' id='word_1_164' title='bbox 1568 1293 1685 1339; x_wconf 89' lang='lat' dir='ltr'><strong>mortem</strong></span> <span class='ocrx_word' id='word_1_165' title='bbox 1703 1285 1796 1340; x_wconf 84' lang='lat' dir='ltr'><strong>suotre</strong></span> <span class='ocrx_word' id='word_1_166' title='bbox 1811 1302 1869 1341; x_wconf 91' lang='lat' dir='ltr'><strong>non</strong></span> 
     </span>
     <span class='ocr_line' id='line_1_13' title="bbox 232 1376 1869 1451; baseline -0.002 -15"><span class='ocrx_word' id='word_1_167' title='bbox 232 1381 396 1451; x_wconf 81' lang='lat' dir='ltr'><strong>expeditior.</strong></span> <span class='ocrx_word' id='word_1_168' title='bbox 413 1378 578 1450; x_wconf 70' lang='lat' dir='ltr'><strong>Coniugium</strong></span> <span class='ocrx_word' id='word_1_169' title='bbox 602 1381 675 1436; x_wconf 91' lang='lat' dir='ltr'><strong>enim</strong></span> <span class='ocrx_word' id='word_1_170' title='bbox 692 1389 819 1437; x_wconf 85' lang='lat' dir='ltr'><strong>sanctum</strong></span> <span class='ocrx_word' id='word_1_171' title='bbox 837 1389 889 1448; x_wconf 88' lang='lat' dir='ltr'><strong>est,</strong></span> <span class='ocrx_word' id='word_1_172' title='bbox 906 1383 980 1437; x_wconf 90' lang='lat' dir='ltr'><strong>unde</strong></span> <span class='ocrx_word' id='word_1_173' title='bbox 998 1389 1025 1437; x_wconf 89' lang='lat' dir='ltr'><strong>el</strong></span> <span class='ocrx_word' id='word_1_174' title='bbox 1075 1378 1224 1433; x_wconf 82' lang='lat' dir='ltr'><strong>recusarit.</strong></span> <span class='ocrx_word' id='word_1_175' title='bbox 1241 1376 1318 1445; x_wconf 89' lang='lat' dir='ltr'><strong>item,</strong></span> <span class='ocrx_word' id='word_1_176' title='bbox 1339 1376 1441 1433; x_wconf 89' lang='lat' dir='ltr'><strong>Paulus</strong></span> <span class='ocrx_word' id='word_1_177' title='bbox 1471 1377 1505 1432; x_wconf 86' lang='lat' dir='ltr'><strong>ad</strong></span> <span class='ocrx_word' id='word_1_178' title='bbox 1530 1376 1671 1431; x_wconf 82' lang='lat' dir='ltr'><strong>Romanos</strong></span> <span class='ocrx_word' id='word_1_179' title='bbox 1689 1394 1695 1430; x_wconf 94' lang='lat'><strong>:</strong></span> <span class='ocrx_word' id='word_1_180' title='bbox 1719 1376 1791 1432; x_wconf 85' lang='lat' dir='ltr'><strong>Nam</strong></span> <span class='ocrx_word' id='word_1_181' title='bbox 1809 1395 1869 1449; x_wconf 81' lang='lat' dir='ltr'><strong>quar</strong></span> 
     </span>
     <span class='ocr_line' id='line_1_14' title="bbox 232 1468 1868 1546; baseline -0.003 -17"><span class='ocrx_word' id='word_1_182' title='bbox 232 1474 285 1544; x_wconf 88' lang='lat' dir='ltr'><strong>ipsi</strong></span> <span class='ocrx_word' id='word_1_183' title='bbox 304 1473 420 1546; x_wconf 82' lang='lat' dir='ltr'><strong>gentiles</strong></span> <span class='ocrx_word' id='word_1_184' title='bbox 432 1472 459 1527; x_wconf 90' lang='lat' dir='ltr'><strong>in</strong></span> <span class='ocrx_word' id='word_1_185' title='bbox 476 1481 552 1527; x_wconf 85' lang='lat' dir='ltr'><strong>tanta</strong></span> <span class='ocrx_word' id='word_1_186' title='bbox 566 1473 743 1529; x_wconf 88' lang='lat' dir='ltr'><strong>veneratione</strong></span> <span class='ocrx_word' id='word_1_187' title='bbox 757 1473 914 1529; x_wconf 84' lang='lat' dir='ltr'><strong>habuerunt</strong></span> <span class='ocrx_word' id='word_1_188' title='bbox 926 1474 1024 1545; x_wconf 73' lang='lat' dir='ltr'><strong>conio·</strong></span> <span class='ocrx_word' id='word_1_189' title='bbox 1075 1470 1123 1525; x_wconf 83' lang='lat' dir='ltr'><strong>sut</strong></span> <span class='ocrx_word' id='word_1_190' title='bbox 1136 1471 1192 1524; x_wconf 86' lang='lat' dir='ltr'><strong>uiro</strong></span> <span class='ocrx_word' id='word_1_191' title='bbox 1203 1479 1242 1524; x_wconf 88' lang='grc' dir='ltr'><strong>εει</strong></span> <span class='ocrx_word' id='word_1_192' title='bbox 1263 1470 1368 1535; x_wconf 90' lang='lat' dir='ltr'><strong>mulier,</strong></span> <span class='ocrx_word' id='word_1_193' title='bbox 1385 1471 1485 1524; x_wconf 88' lang='lat' dir='ltr'><strong>uiuente</strong></span> <span class='ocrx_word' id='word_1_194' title='bbox 1494 1468 1551 1522; x_wconf 87' lang='lat' dir='ltr'><strong>rire</strong></span> <span class='ocrx_word' id='word_1_195' title='bbox 1567 1468 1680 1539; x_wconf 82' lang='lat' dir='ltr'><strong>alliputu</strong></span> <span class='ocrx_word' id='word_1_196' title='bbox 1692 1468 1791 1540; x_wconf 83' lang='lat' dir='ltr'><strong>estieqi</strong></span> <span class='ocrx_word' id='word_1_197' title='bbox 1805 1472 1868 1538; x_wconf 84' lang='lat' dir='ltr'><strong>riri,</strong></span> 
     </span>
    </p>
   </div>
   <div class='ocr_carea' id='block_1_3' title="bbox 232 1558 1869 1639">
    <p class='ocr_par' dir='ltr' id='par_1_4' title="bbox 232 1558 1869 1639">
     <span class='ocr_line' id='line_1_15' title="bbox 232 1558 1869 1639; baseline -0.002 -21"><span class='ocrx_word' id='word_1_198' title='bbox 232 1565 404 1636; x_wconf 80' lang='lat' dir='ltr'><strong>gium,quotl</strong></span> <span class='ocrx_word' id='word_1_199' title='bbox 431 1565 505 1620; x_wconf 84' lang='lat' dir='ltr'><strong>illios</strong></span> <span class='ocrx_word' id='word_1_200' title='bbox 521 1564 711 1636; x_wconf 87' lang='lat' dir='ltr'><strong>quinalinoa</strong></span> <span class='ocrx_word' id='word_1_201' title='bbox 734 1566 864 1623; x_wconf 86' lang='lat' dir='ltr'><strong>eraulde</strong></span> <span class='ocrx_word' id='word_1_202' title='bbox 883 1565 1023 1639; x_wconf 77' lang='lat' dir='ltr'><strong>conjugio,</strong></span> <span class='ocrx_word' id='word_1_203' title='bbox 1076 1560 1100 1614; x_wconf 86' lang='lat' dir='ltr'><strong>ti</strong></span> <span class='ocrx_word' id='word_1_204' title='bbox 1120 1569 1209 1614; x_wconf 75' lang='lat' dir='ltr'><strong>comm</strong></span> <span class='ocrx_word' id='word_1_205' title='bbox 1234 1570 1355 1614; x_wconf 86' lang='lat' dir='ltr'><strong>mortuus</strong></span> <span class='ocrx_word' id='word_1_206' title='bbox 1378 1558 1606 1629; x_wconf 62' lang='lat' dir='ltr'><strong>[cardonetum</strong></span> <span class='ocrx_word' id='word_1_207' title='bbox 1629 1560 1869 1632; x_wconf 77' lang='lat' dir='ltr'><strong>solutaestaque</strong></span> 
     </span>
    </p>
   </div>
   <div class='ocr_carea' id='block_1_4' title="bbox 233 1651 1868 1730">
    <p class='ocr_par' dir='ltr' id='par_1_5' title="bbox 233 1651 1868 1730">
     <span class='ocr_line' id='line_1_16' title="bbox 233 1651 1868 1730; baseline -0.004 -18"><span class='ocrx_word' id='word_1_208' title='bbox 233 1655 392 1730; x_wconf 80' lang='lat' dir='ltr'><strong>illegitimos</strong></span> <span class='ocrx_word' id='word_1_209' title='bbox 409 1657 581 1727; x_wconf 83' lang='lat' dir='ltr'><strong>judicabant.</strong></span> <span class='ocrx_word' id='word_1_210' title='bbox 1076 1652 1148 1707; x_wconf 86' lang='lat' dir='ltr'><strong>oiri:</strong></span> <span class='ocrx_word' id='word_1_211' title='bbox 1163 1651 1253 1723; x_wconf 86' lang='lat' dir='ltr'><strong>lqitur</strong></span> <span class='ocrx_word' id='word_1_212' title='bbox 1263 1653 1477 1716; x_wconf 85' lang='lat' dir='ltr'><strong>uiuententarito,</strong></span> <span class='ocrx_word' id='word_1_213' title='bbox 1487 1652 1624 1705; x_wconf 82' lang='lat' dir='ltr'><strong>occulitur</strong></span> <span class='ocrx_word' id='word_1_214' title='bbox 1637 1652 1799 1720; x_wconf 85' lang='lat' dir='ltr'><strong>adultera,ri</strong></span> <span class='ocrx_word' id='word_1_215' title='bbox 1808 1653 1823 1723; x_wconf 70' lang='lat' dir='ltr'><strong>q</strong></span> <span class='ocrx_word' id='word_1_216' title='bbox 1853 1683 1868 1695; x_wconf 89' lang='lat'>-</span> 
     </span>
    </p>
   </div>
   <div class='ocr_carea' id='block_1_5' title="bbox 516 1711 1868 1824">
    <p class='ocr_par' dir='ltr' id='par_1_6' title="bbox 516 1711 1868 1824">
     <span class='ocr_line' id='line_1_17' title="bbox 516 1711 1868 1824; baseline -0.01 -11"><span class='ocrx_word' id='word_1_217' title='bbox 516 1766 632 1824; x_wconf 70' lang='lat' dir='ltr'>CAPUT</span> <span class='ocrx_word' id='word_1_218' title='bbox 653 1766 735 1823; x_wconf 60' lang='lat' dir='ltr'><strong>LXV,</strong></span> <span class='ocrx_word' id='word_1_219' title='bbox 1041 1711 1062 1767; x_wconf 72' lang='grc' dir='ltr'><strong>Β</strong></span> <span class='ocrx_word' id='word_1_220' title='bbox 1077 1745 1113 1798; x_wconf 90' lang='lat' dir='ltr'><strong>rit</strong></span> <span class='ocrx_word' id='word_1_221' title='bbox 1128 1761 1187 1797; x_wconf 88' lang='lat' dir='ltr'><strong>cum</strong></span> <span class='ocrx_word' id='word_1_222' title='bbox 1203 1743 1323 1814; x_wconf 82' lang='lat' dir='ltr'><strong>uliquo‘¹</strong></span> <span class='ocrx_word' id='word_1_223' title='bbox 1336 1742 1575 1815; x_wconf 72' lang='lat' dir='ltr'><strong>(iiammtlitcm,</strong></span> <span class='ocrx_word' id='word_1_224' title='bbox 1588 1743 1721 1799; x_wconf 82' lang='lat' dir='ltr'><strong>Dominus</strong></span> <span class='ocrx_word' id='word_1_225' title='bbox 1738 1744 1765 1798; x_wconf 90' lang='lat' dir='ltr'><strong>ia</strong></span> <span class='ocrx_word' id='word_1_226' title='bbox 1779 1743 1868 1800; x_wconf 79' lang='lat' dir='ltr'><strong>Euan·</strong></span> 
     </span>
    </p>
   </div>
   <div class='ocr_carea' id='block_1_6' title="bbox 228 1835 1877 5578">
    <p class='ocr_par' dir='ltr' id='par_1_7' title="bbox 228 1835 1877 5578">
     <span class='ocr_line' id='line_1_18' title="bbox 233 1835 1867 1929; baseline -0.001 -12"><span class='ocrx_word' id='word_1_227' title='bbox 233 1860 336 1929; x_wconf 77' lang='lat' dir='ltr'><strong>Quibus</strong></span> <span class='ocrx_word' id='word_1_228' title='bbox 357 1860 564 1916; x_wconf 82' lang='lat' dir='ltr'><strong>auctoritatibus</strong></span> <span class='ocrx_word' id='word_1_229' title='bbox 590 1870 615 1915; x_wconf 88' lang='lat' dir='ltr'><strong>et</strong></span> <span class='ocrx_word' id='word_1_230' title='bbox 640 1857 789 1915; x_wconf 81' lang='lat' dir='ltr'><strong>rationibus</strong></span> <span class='ocrx_word' id='word_1_231' title='bbox 813 1858 942 1928; x_wconf 82' lang='lat' dir='ltr'><strong>prolator</strong></span> <span class='ocrx_word' id='word_1_232' title='bbox 954 1857 1025 1929; x_wconf 88' lang='lat' dir='ltr'><strong>quod</strong></span> <span class='ocrx_word' id='word_1_233' title='bbox 1075 1836 1159 1908; x_wconf 63' lang='lat' dir='ltr'><strong>sse¹i⁰v</strong></span> <span class='ocrx_word' id='word_1_234' title='bbox 1175 1851 1239 1892; x_wconf 70' lang='lat'><strong>⁰⁰⁰¹</strong></span> <span class='ocrx_word' id='word_1_235' title='bbox 1262 1835 1491 1906; x_wconf 58' lang='lat' dir='ltr'><strong>imefmssmfflfr</strong></span> <span class='ocrx_word' id='word_1_236' title='bbox 1504 1836 1528 1891; x_wconf 53' lang='lat'><strong>⁸³</strong></span> <span class='ocrx_word' id='word_1_237' title='bbox 1540 1836 1633 1891; x_wconf 57' lang='lat' dir='ltr'><strong>ficem</strong></span> <span class='ocrx_word' id='word_1_238' title='bbox 1649 1836 1755 1892; x_wconf 59' lang='lat' dir='ltr'><strong>¹¹⁰⁰s¹⁰i</strong></span> <span class='ocrx_word' id='word_1_239' title='bbox 1770 1839 1867 1895; x_wconf 52' lang='lat' dir='ltr'><strong>dimit·</strong></span> 
     </span>
     <span class='ocr_line' id='line_1_19' title="bbox 376 1930 1868 2002; baseline 0.001 -17"><span class='ocrx_word' id='word_1_240' title='bbox 376 1931 529 2002; x_wconf 78' lang='lat' dir='ltr'><strong>conjuqinm</strong></span> <span class='ocrx_word' id='word_1_241' title='bbox 549 1931 645 1985; x_wconf 85' lang='lat' dir='ltr'><strong>ionum</strong></span> <span class='ocrx_word' id='word_1_242' title='bbox 659 1939 684 1985; x_wconf 91' lang='lat' dir='ltr'><strong>et</strong></span> <span class='ocrx_word' id='word_1_243' title='bbox 698 1940 820 1984; x_wconf 80' lang='lat' dir='ltr'><strong>curtatum</strong></span> <span class='ocrx_word' id='word_1_244' title='bbox 838 1931 884 1984; x_wconf 88' lang='lat' dir='ltr'><strong>sit.</strong></span> <span class='ocrx_word' id='word_1_245' title='bbox 1074 1940 1131 1985; x_wconf 90' lang='lat' dir='ltr'><strong>tere</strong></span> <span class='ocrx_word' id='word_1_246' title='bbox 1144 1944 1258 1985; x_wconf 80' lang='lat' dir='ltr'><strong>osorem</strong></span> <span class='ocrx_word' id='word_1_247' title='bbox 1271 1943 1348 1984; x_wconf 88' lang='lat' dir='ltr'><strong>suam</strong></span> <span class='ocrx_word' id='word_1_248' title='bbox 1366 1944 1531 2000; x_wconf 88' lang='lat' dir='ltr'><strong>quacunque</strong></span> <span class='ocrx_word' id='word_1_249' title='bbox 1546 1943 1684 1998; x_wconf 82' lang='lat' dir='ltr'><strong>excausa,</strong></span> <span class='ocrx_word' id='word_1_250' title='bbox 1698 1930 1768 1986; x_wconf 81' lang='lat' dir='ltr'><strong>dixit</strong></span> <span class='ocrx_word' id='word_1_251' title='bbox 1782 1947 1789 1984; x_wconf 75' lang='grc' dir='ltr'><em>ι</em></span> <span class='ocrx_word' id='word_1_252' title='bbox 1804 1931 1868 1986; x_wconf 75' lang='lat' dir='ltr'><strong>dan</strong></span> 
     </span>
     <span class='ocr_line' id='line_1_20' title="bbox 269 2018 1868 2094; baseline -0.003 -13"><span class='ocrx_word' id='word_1_253' title='bbox 269 2023 348 2092; x_wconf 81' lang='lat' dir='ltr'><strong>Quod</strong></span> <span class='ocrx_word' id='word_1_254' title='bbox 365 2032 457 2079; x_wconf 87' lang='lat' dir='ltr'><strong>autem</strong></span> <span class='ocrx_word' id='word_1_255' title='bbox 486 2023 645 2094; x_wconf 76' lang='lat' dir='ltr'><strong>conjugium</strong></span> <span class='ocrx_word' id='word_1_256' title='bbox 660 2023 764 2077; x_wconf 90' lang='lat' dir='ltr'><strong>bonum</strong></span> <span class='ocrx_word' id='word_1_257' title='bbox 788 2031 816 2075; x_wconf 90' lang='lat' dir='ltr'><strong>et</strong></span> <span class='ocrx_word' id='word_1_258' title='bbox 828 2027 954 2077; x_wconf 90' lang='lat' dir='ltr'><strong>sanctum</strong></span> <span class='ocrx_word' id='word_1_259' title='bbox 978 2018 1024 2086; x_wconf 89' lang='lat' dir='ltr'><strong>sit,</strong></span> <span class='ocrx_word' id='word_1_260' title='bbox 1075 2019 1177 2092; x_wconf 84' lang='lat' dir='ltr'><strong>leqistir</strong></span> <span class='ocrx_word' id='word_1_261' title='bbox 1191 2020 1255 2090; x_wconf 88' lang='lat' dir='ltr'><strong>quia</strong></span> <span class='ocrx_word' id='word_1_262' title='bbox 1273 2021 1320 2090; x_wconf 89' lang='lat' dir='ltr'><strong>qui</strong></span> <span class='ocrx_word' id='word_1_263' title='bbox 1334 2019 1396 2089; x_wconf 74' lang='lat' dir='ltr'><strong>[ecit</strong></span> <span class='ocrx_word' id='word_1_264' title='bbox 1412 2020 1544 2074; x_wconf 78' lang='lat' dir='ltr'><strong>nominem</strong></span> <span class='ocrx_word' id='word_1_265' title='bbox 1558 2020 1591 2074; x_wconf 84' lang='lat' dir='ltr'><strong>ait</strong></span> <span class='ocrx_word' id='word_1_266' title='bbox 1606 2022 1695 2088; x_wconf 89' lang='lat' dir='ltr'><strong>initio,</strong></span> <span class='ocrx_word' id='word_1_267' title='bbox 1718 2021 1868 2078; x_wconf 85' lang='lat' dir='ltr'><strong>mareolum</strong></span> 
     </span>
     <span class='ocr_line' id='line_1_21' title="bbox 232 2112 1859 2191; baseline -0.005 -16"><span class='ocrx_word' id='word_1_268' title='bbox 232 2119 305 2191; x_wconf 87' lang='lat' dir='ltr'><strong>quod</strong></span> <span class='ocrx_word' id='word_1_269' title='bbox 329 2117 458 2173; x_wconf 87' lang='lat' dir='ltr'><strong>naturaie</strong></span> <span class='ocrx_word' id='word_1_270' title='bbox 471 2116 670 2172; x_wconf 84' lang='lat' dir='ltr'><strong>commercium</strong></span> <span class='ocrx_word' id='word_1_271' title='bbox 683 2132 732 2187; x_wconf 89' lang='lat' dir='ltr'><strong>per</strong></span> <span class='ocrx_word' id='word_1_272' title='bbox 747 2117 819 2171; x_wconf 82' lang='lat' dir='ltr'><strong>hona</strong></span> <span class='ocrx_word' id='word_1_273' title='bbox 834 2113 960 2184; x_wconf 78' lang='lat' dir='ltr'><strong>conjugii</strong></span> <span class='ocrx_word' id='word_1_274' title='bbox 975 2129 1025 2168; x_wconf 82' lang='lat' dir='ltr'><strong>ex·</strong></span> <span class='ocrx_word' id='word_1_275' title='bbox 1075 2121 1101 2168; x_wconf 90' lang='lat' dir='ltr'><strong>et</strong></span> <span class='ocrx_word' id='word_1_276' title='bbox 1114 2113 1241 2183; x_wconf 71' lang='lat' dir='ltr'><strong>sencinum</strong></span> <span class='ocrx_word' id='word_1_277' title='bbox 1252 2112 1349 2166; x_wconf 86' lang='lat' dir='ltr'><strong>creauit</strong></span> <span class='ocrx_word' id='word_1_278' title='bbox 1361 2128 1415 2178; x_wconf 87' lang='lat' dir='ltr'><strong>eus,</strong></span> <span class='ocrx_word' id='word_1_279' title='bbox 1431 2122 1455 2166; x_wconf 91' lang='lat' dir='ltr'><strong>et</strong></span> <span class='ocrx_word' id='word_1_280' title='bbox 1475 2112 1606 2166; x_wconf 76' lang='lat' dir='ltr'><strong>benedicit</strong></span> <span class='ocrx_word' id='word_1_281' title='bbox 1620 2114 1658 2167; x_wconf 86' lang='lat' dir='ltr'><strong>eir</strong></span> <span class='ocrx_word' id='word_1_282' title='bbox 1671 2112 1761 2168; x_wconf 86' lang='lat' dir='ltr'><strong>diceas</strong></span> <span class='ocrx_word' id='word_1_283' title='bbox 1779 2132 1786 2169; x_wconf 93' lang='lat'><strong>:</strong></span> <span class='ocrx_word' id='word_1_284' title='bbox 1803 2112 1859 2169; x_wconf 77' lang='lat' dir='ltr'><strong>Cre</strong></span> 
     </span>
     <span class='ocr_line' id='line_1_22' title="bbox 233 2203 1865 2276; baseline -0.002 -10"><span class='ocrx_word' id='word_1_285' title='bbox 233 2218 356 2275; x_wconf 87' lang='lat' dir='ltr'><strong>cusetor,</strong></span> <span class='ocrx_word' id='word_1_286' title='bbox 369 2207 454 2263; x_wconf 83' lang='lat' dir='ltr'><strong>uariis</strong></span> <span class='ocrx_word' id='word_1_287' title='bbox 478 2206 634 2262; x_wconf 88' lang='lat' dir='ltr'><strong>rationibus</strong></span> <span class='ocrx_word' id='word_1_288' title='bbox 647 2214 675 2261; x_wconf 90' lang='lat' dir='ltr'><strong>et</strong></span> <span class='ocrx_word' id='word_1_289' title='bbox 688 2204 900 2261; x_wconf 86' lang='lat' dir='ltr'><strong>auctoritatibus</strong></span> <span class='ocrx_word' id='word_1_290' title='bbox 913 2204 1025 2274; x_wconf 86' lang='lat' dir='ltr'><strong>probari</strong></span> <span class='ocrx_word' id='word_1_291' title='bbox 1075 2208 1141 2262; x_wconf 88' lang='lat' dir='ltr'><strong>scite</strong></span> <span class='ocrx_word' id='word_1_292' title='bbox 1153 2214 1178 2259; x_wconf 92' lang='lat' dir='ltr'><strong>et</strong></span> <span class='ocrx_word' id='word_1_293' title='bbox 1192 2204 1409 2275; x_wconf 82' lang='lat' dir='ltr'><strong>multiplicamini</strong></span> <span class='ocrx_word' id='word_1_294' title='bbox 1426 2203 1534 2276; x_wconf 76' lang='lat' dir='ltr'><strong>(Mattio.</strong></span> <span class='ocrx_word' id='word_1_295' title='bbox 1550 2204 1622 2276; x_wconf 76' lang='grc' dir='ltr'><em>ιιι).</em></span> <span class='ocrx_word' id='word_1_296' title='bbox 1637 2204 1671 2260; x_wconf 82' lang='lat' dir='ltr'><strong>Et</strong></span> <span class='ocrx_word' id='word_1_297' title='bbox 1696 2206 1766 2262; x_wconf 79' lang='lat' dir='ltr'><strong>dixit</strong></span> <span class='ocrx_word' id='word_1_298' title='bbox 1779 2206 1865 2262; x_wconf 76' lang='lat' dir='ltr'><strong>Adae:</strong></span> 
     </span>
     <span class='ocr_line' id='line_1_23' title="bbox 231 2296 1864 2374; baseline -0.002 -17"><span class='ocrx_word' id='word_1_299' title='bbox 231 2308 332 2374; x_wconf 84' lang='lat' dir='ltr'><strong>potest.</strong></span> <span class='ocrx_word' id='word_1_300' title='bbox 349 2299 394 2353; x_wconf 81' lang='lat' dir='ltr'><strong>nic</strong></span> <span class='ocrx_word' id='word_1_301' title='bbox 418 2299 493 2355; x_wconf 91' lang='lat' dir='ltr'><strong>enim</strong></span> <span class='ocrx_word' id='word_1_302' title='bbox 517 2298 667 2368; x_wconf 80' lang='lat' dir='ltr'><strong>Apostolus</strong></span> <span class='ocrx_word' id='word_1_303' title='bbox 682 2316 688 2351; x_wconf 92' lang='lat'>:</span> <span class='ocrx_word' id='word_1_304' title='bbox 706 2296 890 2367; x_wconf 76' lang='lat' dir='ltr'><strong>Unusquisque</strong></span> <span class='ocrx_word' id='word_1_305' title='bbox 915 2308 1025 2349; x_wconf 82' lang='lat' dir='ltr'><strong>acorem</strong></span> <span class='ocrx_word' id='word_1_306' title='bbox 1079 2299 1249 2369; x_wconf 81' lang='lat' dir='ltr'><strong>l&#39;ropterlroc</strong></span> <span class='ocrx_word' id='word_1_307' title='bbox 1262 2296 1390 2367; x_wconf 79' lang='lat' dir='ltr'><strong>relinquet</strong></span> <span class='ocrx_word' id='word_1_308' title='bbox 1405 2297 1482 2352; x_wconf 86' lang='lat' dir='ltr'><strong>ltomo</strong></span> <span class='ocrx_word' id='word_1_309' title='bbox 1502 2306 1604 2367; x_wconf 85' lang='lat' dir='ltr'><strong>patrem</strong></span> <span class='ocrx_word' id='word_1_310' title='bbox 1619 2307 1643 2352; x_wconf 92' lang='grc' dir='ltr'><em>ει</em></span> <span class='ocrx_word' id='word_1_311' title='bbox 1661 2309 1774 2352; x_wconf 87' lang='lat' dir='ltr'><strong>matrem</strong></span> <span class='ocrx_word' id='word_1_312' title='bbox 1787 2315 1864 2353; x_wconf 86' lang='lat' dir='ltr'><strong>suam</strong></span> 
     </span>
     <span class='ocr_line' id='line_1_24' title="bbox 232 2370 1866 2460; baseline 0.002 -17"><span class='ocrx_word' id='word_1_313' title='bbox 232 2410 309 2448; x_wconf 84' lang='lat' dir='ltr'><strong>enom</strong></span> <span class='ocrx_word' id='word_1_314' title='bbox 329 2370 424 2446; x_wconf 79' lang='lat' dir='ltr'><strong>ltaiect</strong></span> <span class='ocrx_word' id='word_1_315' title='bbox 445 2399 552 2460; x_wconf 82' lang='lat' dir='ltr'><strong>propter</strong></span> <span class='ocrx_word' id='word_1_316' title='bbox 572 2390 788 2460; x_wconf 72' lang='lat' dir='ltr'><strong>fortricationem,</strong></span> <span class='ocrx_word' id='word_1_317' title='bbox 807 2398 834 2443; x_wconf 69' lang='lat' dir='ltr'><strong>fi</strong></span> <span class='ocrx_word' id='word_1_318' title='bbox 861 2401 1026 2458; x_wconf 65' lang='lat' dir='ltr'><strong>“llssliae‘lllss</strong></span> <span class='ocrx_word' id='word_1_319' title='bbox 1075 2405 1100 2451; x_wconf 89' lang='lat' dir='ltr'><strong>et</strong></span> <span class='ocrx_word' id='word_1_320' title='bbox 1119 2395 1265 2449; x_wconf 69' lang='lat' dir='ltr'><strong>adhaerebit</strong></span> <span class='ocrx_word' id='word_1_321' title='bbox 1283 2395 1361 2448; x_wconf 86' lang='lat' dir='ltr'><strong>acori</strong></span> <span class='ocrx_word' id='word_1_322' title='bbox 1376 2401 1480 2458; x_wconf 82' lang='lat' dir='ltr'><strong>suoe,et</strong></span> <span class='ocrx_word' id='word_1_323' title='bbox 1498 2402 1575 2446; x_wconf 89' lang='lat' dir='ltr'><strong>erunt</strong></span> <span class='ocrx_word' id='word_1_324' title='bbox 1594 2392 1646 2444; x_wconf 89' lang='lat' dir='ltr'><strong>dua</strong></span> <span class='ocrx_word' id='word_1_325' title='bbox 1659 2391 1687 2444; x_wconf 91' lang='lat' dir='ltr'><strong>in</strong></span> <span class='ocrx_word' id='word_1_326' title='bbox 1709 2406 1789 2444; x_wconf 84' lang='lat' dir='ltr'><strong>cante</strong></span> <span class='ocrx_word' id='word_1_327' title='bbox 1802 2406 1866 2446; x_wconf 86' lang='lat' dir='ltr'><strong>una.</strong></span> 
     </span>
     <span class='ocr_line' id='line_1_25' title="bbox 231 2479 1867 2558; baseline -0.006 -18"><span class='ocrx_word' id='word_1_328' title='bbox 231 2486 319 2540; x_wconf 87' lang='lat' dir='ltr'><strong>uirum</strong></span> <span class='ocrx_word' id='word_1_329' title='bbox 333 2499 421 2538; x_wconf 79' lang='lat' dir='ltr'><strong>suurn.</strong></span> <span class='ocrx_word' id='word_1_330' title='bbox 445 2481 530 2537; x_wconf 76' lang='lat' dir='ltr'><strong>occa</strong></span> <span class='ocrx_word' id='word_1_331' title='bbox 552 2483 593 2536; x_wconf 87' lang='lat' dir='ltr'><strong>uir</strong></span> <span class='ocrx_word' id='word_1_332' title='bbox 614 2481 730 2537; x_wconf 82' lang='lat' dir='ltr'><strong>debitum</strong></span> <span class='ocrx_word' id='word_1_333' title='bbox 746 2481 850 2546; x_wconf 87' lang='lat' dir='ltr'><strong>reddat,</strong></span> <span class='ocrx_word' id='word_1_334' title='bbox 865 2479 991 2533; x_wconf 82' lang='lat' dir='ltr'><strong>similiter</strong></span> <span class='ocrx_word' id='word_1_335' title='bbox 1000 2486 1026 2532; x_wconf 90' lang='grc' dir='ltr'><em>ει</em></span> <span class='ocrx_word' id='word_1_336' title='bbox 1077 2487 1173 2558; x_wconf 67' lang='lat' dir='ltr'><strong>traque</strong></span> <span class='ocrx_word' id='word_1_337' title='bbox 1181 2488 1241 2558; x_wconf 72' lang='lat' dir='ltr'><strong>jem</strong></span> <span class='ocrx_word' id='word_1_338' title='bbox 1263 2504 1316 2542; x_wconf 66' lang='lat' dir='ltr'><strong>poe</strong></span> <span class='ocrx_word' id='word_1_339' title='bbox 1333 2495 1395 2541; x_wconf 69' lang='lat' dir='ltr'><strong>eom</strong></span> <span class='ocrx_word' id='word_1_340' title='bbox 1408 2486 1472 2553; x_wconf 77' lang='lat' dir='ltr'><strong>ooo,</strong></span> <span class='ocrx_word' id='word_1_341' title='bbox 1492 2485 1538 2539; x_wconf 73' lang='lat' dir='ltr'><strong>eod</strong></span> <span class='ocrx_word' id='word_1_342' title='bbox 1551 2500 1603 2538; x_wconf 79' lang='lat' dir='ltr'><strong>ono</strong></span> <span class='ocrx_word' id='word_1_343' title='bbox 1615 2500 1688 2537; x_wconf 78' lang='lat' dir='ltr'><strong>coro.</strong></span> <span class='ocrx_word' id='word_1_344' title='bbox 1705 2483 1783 2549; x_wconf 82' lang='lat' dir='ltr'><strong>Quod</strong></span> <span class='ocrx_word' id='word_1_345' title='bbox 1805 2498 1867 2555; x_wconf 74' lang='lat' dir='ltr'><strong>erqo</strong></span> 
     </span>
     <span class='ocr_line' id='line_1_26' title="bbox 231 2572 1854 2649; baseline -0.002 -15"><span class='ocrx_word' id='word_1_346' title='bbox 231 2593 300 2631; x_wconf 74' lang='lat' dir='ltr'><strong>aaut</strong></span> <span class='ocrx_word' id='word_1_347' title='bbox 311 2577 367 2630; x_wconf 76' lang='lat' dir='ltr'><strong>vito</strong></span> <span class='ocrx_word' id='word_1_348' title='bbox 380 2574 406 2649; x_wconf 78' lang='grc' dir='ltr'><strong>(Ι</strong></span> <span class='ocrx_word' id='word_1_349' title='bbox 419 2575 481 2632; x_wconf 78' lang='lat' dir='ltr'><strong>Cot.</strong></span> <span class='ocrx_word' id='word_1_350' title='bbox 493 2573 554 2647; x_wconf 75' lang='lat' dir='ltr'><strong>vlt).</strong></span> <span class='ocrx_word' id='word_1_351' title='bbox 570 2572 637 2629; x_wconf 68' lang='lat' dir='ltr'><strong>llem</strong></span> <span class='ocrx_word' id='word_1_352' title='bbox 652 2590 658 2626; x_wconf 78' lang='lat'>2</span> <span class='ocrx_word' id='word_1_353' title='bbox 676 2572 773 2627; x_wconf 64' lang='lat' dir='ltr'><strong>Mulier</strong></span> <span class='ocrx_word' id='word_1_354' title='bbox 783 2573 826 2627; x_wconf 85' lang='lat' dir='ltr'><strong>sui</strong></span> <span class='ocrx_word' id='word_1_355' title='bbox 842 2573 959 2641; x_wconf 63' lang='lat' dir='ltr'><strong>willerii</strong></span> <span class='ocrx_word' id='word_1_356' title='bbox 977 2587 1026 2641; x_wconf 71' lang='grc' dir='ltr'><strong>ΡΟ·</strong></span> <span class='ocrx_word' id='word_1_357' title='bbox 1075 2579 1148 2634; x_wconf 80' lang='lat' dir='ltr'><strong>Deae</strong></span> <span class='ocrx_word' id='word_1_358' title='bbox 1163 2579 1313 2648; x_wconf 75' lang='lat' dir='ltr'><strong>conjurarit,</strong></span> <span class='ocrx_word' id='word_1_359' title='bbox 1329 2579 1406 2633; x_wconf 81' lang='lat' dir='ltr'><strong>itania</strong></span> <span class='ocrx_word' id='word_1_360' title='bbox 1422 2595 1475 2631; x_wconf 88' lang='lat' dir='ltr'><strong>non</strong></span> <span class='ocrx_word' id='word_1_361' title='bbox 1484 2585 1588 2647; x_wconf 85' lang='lat' dir='ltr'><strong>separet</strong></span> <span class='ocrx_word' id='word_1_362' title='bbox 1600 2576 1689 2647; x_wconf 79' lang='lat' dir='ltr'><strong>(ibid.)</strong></span> <span class='ocrx_word' id='word_1_363' title='bbox 1702 2574 1781 2644; x_wconf 87' lang='lat' dir='ltr'><strong>ilem,</strong></span> <span class='ocrx_word' id='word_1_364' title='bbox 1796 2575 1854 2646; x_wconf 74' lang='lat' dir='ltr'><strong>noti</strong></span> 
     </span>
     <span class='ocr_line' id='line_1_27' title="bbox 233 2662 1867 2740; baseline -0.006 -17"><span class='ocrx_word' id='word_1_365' title='bbox 233 2676 355 2724; x_wconf 82' lang='lat' dir='ltr'><strong>testatem</strong></span> <span class='ocrx_word' id='word_1_366' title='bbox 367 2683 418 2720; x_wconf 90' lang='lat' dir='ltr'><strong>non</strong></span> <span class='ocrx_word' id='word_1_367' title='bbox 431 2665 519 2728; x_wconf 81' lang='lat' dir='ltr'><strong>laedet,</strong></span> <span class='ocrx_word' id='word_1_368' title='bbox 538 2665 582 2720; x_wconf 88' lang='lat' dir='ltr'><strong>ted</strong></span> <span class='ocrx_word' id='word_1_369' title='bbox 598 2666 655 2729; x_wconf 89' lang='lat' dir='ltr'><strong>oir;</strong></span> <span class='ocrx_word' id='word_1_370' title='bbox 675 2663 802 2717; x_wconf 81' lang='lat' dir='ltr'><strong>similiter</strong></span> <span class='ocrx_word' id='word_1_371' title='bbox 814 2670 839 2716; x_wconf 91' lang='lat' dir='ltr'><strong>et</strong></span> <span class='ocrx_word' id='word_1_372' title='bbox 854 2662 893 2715; x_wconf 87' lang='lat' dir='ltr'><strong>uir</strong></span> <span class='ocrx_word' id='word_1_373' title='bbox 906 2662 949 2716; x_wconf 85' lang='lat' dir='ltr'><strong>sui</strong></span> <span class='ocrx_word' id='word_1_374' title='bbox 965 2677 1026 2714; x_wconf 90' lang='lat' dir='ltr'><strong>cor·</strong></span> <span class='ocrx_word' id='word_1_375' title='bbox 1076 2671 1153 2727; x_wconf 71' lang='lat' dir='ltr'><strong>ciunt</strong></span> <span class='ocrx_word' id='word_1_376' title='bbox 1177 2671 1296 2726; x_wconf 68' lang='lat' dir='ltr'><strong>ttaeeotioj</strong></span> <span class='ocrx_word' id='word_1_377' title='bbox 1311 2686 1317 2722; x_wconf 93' lang='lat'><strong>:</strong></span> <span class='ocrx_word' id='word_1_378' title='bbox 1334 2671 1490 2740; x_wconf 72' lang='lat' dir='ltr'><strong>Qoteooqoe</strong></span> <span class='ocrx_word' id='word_1_379' title='bbox 1517 2668 1654 2739; x_wconf 67' lang='lat' dir='ltr'><strong>reliquerit</strong></span> <span class='ocrx_word' id='word_1_380' title='bbox 1678 2669 1796 2735; x_wconf 80' lang='lat' dir='ltr'><strong>domum,</strong></span> <span class='ocrx_word' id='word_1_381' title='bbox 1819 2672 1867 2721; x_wconf 82' lang='lat' dir='ltr'><strong>ortt</strong></span> 
     </span>
     <span class='ocr_line' id='line_1_28' title="bbox 230 2752 1877 2834; baseline -0.006 -19"><span class='ocrx_word' id='word_1_382' title='bbox 230 2761 303 2831; x_wconf 79' lang='lat' dir='ltr'><strong>poris</strong></span> <span class='ocrx_word' id='word_1_383' title='bbox 326 2768 482 2830; x_wconf 84' lang='lat' dir='ltr'><strong>potestatem</strong></span> <span class='ocrx_word' id='word_1_384' title='bbox 497 2774 550 2812; x_wconf 89' lang='lat' dir='ltr'><strong>nou</strong></span> <span class='ocrx_word' id='word_1_385' title='bbox 564 2756 652 2823; x_wconf 81' lang='lat' dir='ltr'><strong>laudet,</strong></span> <span class='ocrx_word' id='word_1_386' title='bbox 664 2755 709 2809; x_wconf 87' lang='lat' dir='ltr'><strong>sed</strong></span> <span class='ocrx_word' id='word_1_387' title='bbox 725 2755 820 2809; x_wconf 89' lang='lat' dir='ltr'><strong>mulier</strong></span> <span class='ocrx_word' id='word_1_388' title='bbox 841 2752 942 2825; x_wconf 80' lang='lat' dir='ltr'><strong>(ibid).</strong></span> <span class='ocrx_word' id='word_1_389' title='bbox 956 2752 1023 2809; x_wconf 86' lang='lat' dir='ltr'><strong>item</strong></span> <span class='ocrx_word' id='word_1_390' title='bbox 1076 2764 1236 2834; x_wconf 66' lang='lat' dir='ltr'><strong>[retroeunt</strong></span> <span class='ocrx_word' id='word_1_391' title='bbox 1260 2779 1375 2825; x_wconf 56' lang='grc' dir='ltr'><em>ωηερε,</em></span> <span class='ocrx_word' id='word_1_392' title='bbox 1391 2770 1565 2831; x_wconf 71' lang='lat' dir='ltr'><strong>perpetrem,</strong></span> <span class='ocrx_word' id='word_1_393' title='bbox 1588 2768 1635 2813; x_wconf 81' lang='lat' dir='ltr'><strong>ooo</strong></span> <span class='ocrx_word' id='word_1_394' title='bbox 1658 2775 1778 2826; x_wconf 70' lang='lat' dir='ltr'><strong>uxorem,</strong></span> <span class='ocrx_word' id='word_1_395' title='bbox 1798 2767 1877 2825; x_wconf 59' lang='lat' dir='ltr'><strong>oto„¹</strong></span> 
     </span>
     <span class='ocr_line' id='line_1_29' title="bbox 235 2845 1865 2927; baseline -0.001 -22"><span class='ocrx_word' id='word_1_396' title='bbox 235 2852 385 2922; x_wconf 79' lang='lat' dir='ltr'><strong>Apostolus</strong></span> <span class='ocrx_word' id='word_1_397' title='bbox 408 2851 436 2906; x_wconf 93' lang='lat' dir='ltr'><strong>in</strong></span> <span class='ocrx_word' id='word_1_398' title='bbox 451 2851 539 2921; x_wconf 90' lang='lat' dir='ltr'><strong>prima</strong></span> <span class='ocrx_word' id='word_1_399' title='bbox 560 2850 594 2905; x_wconf 84' lang='lat' dir='ltr'><strong>ad</strong></span> <span class='ocrx_word' id='word_1_400' title='bbox 610 2849 806 2905; x_wconf 86' lang='lat' dir='ltr'><strong>Timotheum:</strong></span> <span class='ocrx_word' id='word_1_401' title='bbox 829 2845 1024 2916; x_wconf 76' lang='lat' dir='ltr'><strong>Volejnniorer</strong></span> <span class='ocrx_word' id='word_1_402' title='bbox 1076 2855 1226 2927; x_wconf 76' lang='lat' dir='ltr'><strong>eeproptuot</strong></span> <span class='ocrx_word' id='word_1_403' title='bbox 1253 2855 1388 2924; x_wconf 76' lang='lat' dir='ltr'><strong>accipiet,</strong></span> <span class='ocrx_word' id='word_1_404' title='bbox 1413 2862 1438 2908; x_wconf 86' lang='lat' dir='ltr'><strong>et</strong></span> <span class='ocrx_word' id='word_1_405' title='bbox 1460 2855 1543 2909; x_wconf 82' lang='lat' dir='ltr'><strong>uitam</strong></span> <span class='ocrx_word' id='word_1_406' title='bbox 1568 2864 1695 2909; x_wconf 73' lang='lat' dir='ltr'><strong>eternam</strong></span> <span class='ocrx_word' id='word_1_407' title='bbox 1722 2852 1865 2922; x_wconf 75' lang='lat' dir='ltr'><strong>possidebit</strong></span> 
     </span>
     <span class='ocr_line' id='line_1_30' title="bbox 231 2942 1858 3023; baseline 0.001 -24"><span class='ocrx_word' id='word_1_408' title='bbox 231 2946 326 2999; x_wconf 82' lang='lat' dir='ltr'><strong>viduas</strong></span> <span class='ocrx_word' id='word_1_409' title='bbox 343 2943 450 3011; x_wconf 81' lang='lat' dir='ltr'><strong>audere,</strong></span> <span class='ocrx_word' id='word_1_410' title='bbox 469 2942 540 3013; x_wconf 75' lang='lat' dir='ltr'><strong>filios</strong></span> <span class='ocrx_word' id='word_1_411' title='bbox 557 2959 706 3014; x_wconf 85' lang='lat' dir='ltr'><strong>procreare,</strong></span> <span class='ocrx_word' id='word_1_412' title='bbox 724 2954 822 2998; x_wconf 83' lang='lat' dir='ltr'><strong>matres</strong></span> <span class='ocrx_word' id='word_1_413' title='bbox 838 2944 957 3014; x_wconf 74' lang='lat' dir='ltr'><strong>[amilius</strong></span> <span class='ocrx_word' id='word_1_414' title='bbox 969 2960 1025 2999; x_wconf 83' lang='lat' dir='ltr'><strong>etse</strong></span> <span class='ocrx_word' id='word_1_415' title='bbox 1077 2950 1154 3023; x_wconf 81' lang='lat' dir='ltr'><strong>(Lae.</strong></span> <span class='ocrx_word' id='word_1_416' title='bbox 1172 2953 1263 3018; x_wconf 71' lang='lat' dir='ltr'><strong>turri).</strong></span> <span class='ocrx_word' id='word_1_417' title='bbox 1277 2947 1378 3003; x_wconf 82' lang='lat' dir='ltr'><strong>Dicunt</strong></span> <span class='ocrx_word' id='word_1_418' title='bbox 1393 2956 1484 3002; x_wconf 89' lang='lat' dir='ltr'><strong>autern</strong></span> <span class='ocrx_word' id='word_1_419' title='bbox 1502 2945 1666 3018; x_wconf 74' lang='lat' dir='ltr'><strong>quodiana</strong></span> <span class='ocrx_word' id='word_1_420' title='bbox 1687 2945 1758 3001; x_wconf 87' lang='lat' dir='ltr'><strong>hanc</strong></span> <span class='ocrx_word' id='word_1_421' title='bbox 1770 2952 1858 3000; x_wconf 86' lang='lat' dir='ltr'><strong>aucto</strong></span> 
     </span>
     <span class='ocr_line' id='line_1_31' title="bbox 233 3034 1859 3115; baseline -0.001 -24"><span class='ocrx_word' id='word_1_422' title='bbox 233 3037 262 3111; x_wconf 76' lang='lat' dir='ltr'><strong>(l</strong></span> <span class='ocrx_word' id='word_1_423' title='bbox 275 3037 344 3092; x_wconf 84' lang='lat' dir='ltr'><strong>Tim.</strong></span> <span class='ocrx_word' id='word_1_424' title='bbox 354 3040 393 3109; x_wconf 80' lang='lat' dir='ltr'><strong>u).</strong></span> <span class='ocrx_word' id='word_1_425' title='bbox 403 3037 615 3094; x_wconf 76' lang='lat' dir='ltr'><strong>Audientetiam</strong></span> <span class='ocrx_word' id='word_1_426' title='bbox 631 3037 752 3094; x_wconf 73' lang='lat' dir='ltr'><strong>haretici</strong></span> <span class='ocrx_word' id='word_1_427' title='bbox 767 3046 942 3094; x_wconf 87' lang='lat' dir='ltr'><strong>attestantem</strong></span> <span class='ocrx_word' id='word_1_428' title='bbox 952 3037 1023 3107; x_wconf 76' lang='lat' dir='ltr'><strong>apo-</strong></span> <span class='ocrx_word' id='word_1_429' title='bbox 1037 3060 1058 3115; x_wconf 69' lang='lat' dir='ltr'>C</span> <span class='ocrx_word' id='word_1_430' title='bbox 1076 3045 1197 3106; x_wconf 69' lang='lat' dir='ltr'><strong>nantem,</strong></span> <span class='ocrx_word' id='word_1_431' title='bbox 1213 3040 1285 3096; x_wconf 79' lang='lat' dir='ltr'><strong>[leus</strong></span> <span class='ocrx_word' id='word_1_432' title='bbox 1307 3039 1435 3109; x_wconf 82' lang='lat' dir='ltr'><strong>praecepit</strong></span> <span class='ocrx_word' id='word_1_433' title='bbox 1450 3038 1588 3094; x_wconf 79' lang='lat' dir='ltr'><strong>dimittere</strong></span> <span class='ocrx_word' id='word_1_434' title='bbox 1614 3053 1726 3093; x_wconf 81' lang='lat' dir='ltr'><strong>utores.</strong></span> <span class='ocrx_word' id='word_1_435' title='bbox 1752 3034 1806 3091; x_wconf 89' lang='lat' dir='ltr'><strong>Sed</strong></span> <span class='ocrx_word' id='word_1_436' title='bbox 1824 3036 1859 3089; x_wconf 84' lang='lat' dir='ltr'><strong>in</strong></span> 
     </span>
     <span class='ocr_line' id='line_1_32' title="bbox 231 3126 1865 3201; baseline -0.005 -11"><span class='ocrx_word' id='word_1_437' title='bbox 231 3130 333 3187; x_wconf 82' lang='lat' dir='ltr'><strong>stolum</strong></span> <span class='ocrx_word' id='word_1_438' title='bbox 346 3130 419 3201; x_wconf 87' lang='lat' dir='ltr'><strong>quod</strong></span> <span class='ocrx_word' id='word_1_439' title='bbox 436 3144 525 3201; x_wconf 86' lang='lat' dir='ltr'><strong>neque</strong></span> <span class='ocrx_word' id='word_1_440' title='bbox 536 3130 589 3199; x_wconf 88' lang='lat' dir='ltr'><strong>vir,</strong></span> <span class='ocrx_word' id='word_1_441' title='bbox 609 3144 698 3200; x_wconf 87' lang='lat' dir='ltr'><strong>neque</strong></span> <span class='ocrx_word' id='word_1_442' title='bbox 711 3129 962 3185; x_wconf 75' lang='lat' dir='ltr'><strong>nuntiet-continere</strong></span> <span class='ocrx_word' id='word_1_443' title='bbox 976 3143 1025 3197; x_wconf 87' lang='lat' dir='ltr'><strong>po·</strong></span> <span class='ocrx_word' id='word_1_444' title='bbox 1077 3132 1357 3188; x_wconf 80' lang='lat' dir='ltr'><strong>collectosreroorom</strong></span> <span class='ocrx_word' id='word_1_445' title='bbox 1373 3129 1397 3184; x_wconf 86' lang='lat' dir='ltr'><strong>is</strong></span> <span class='ocrx_word' id='word_1_446' title='bbox 1410 3136 1472 3184; x_wconf 90' lang='lat' dir='ltr'><strong>est:</strong></span> <span class='ocrx_word' id='word_1_447' title='bbox 1489 3127 1622 3195; x_wconf 79' lang='lat' dir='ltr'><strong>Prnceplt</strong></span> <span class='ocrx_word' id='word_1_448' title='bbox 1633 3126 1716 3193; x_wconf 82' lang='lat' dir='ltr'><strong>Deos,</strong></span> <span class='ocrx_word' id='word_1_449' title='bbox 1726 3127 1865 3182; x_wconf 85' lang='lat' dir='ltr'><strong>otiutoito</strong></span> 
     </span>
     <span class='ocr_line' id='line_1_33' title="bbox 231 3218 1865 3292; baseline -0.001 -16"><span class='ocrx_word' id='word_1_450' title='bbox 231 3229 296 3289; x_wconf 88' lang='lat' dir='ltr'><strong>test,</strong></span> <span class='ocrx_word' id='word_1_451' title='bbox 312 3221 366 3277; x_wconf 87' lang='lat' dir='ltr'><strong>nisi</strong></span> <span class='ocrx_word' id='word_1_452' title='bbox 381 3230 496 3292; x_wconf 86' lang='lat' dir='ltr'><strong>uterque</strong></span> <span class='ocrx_word' id='word_1_453' title='bbox 510 3222 693 3277; x_wconf 88' lang='lat' dir='ltr'><strong>consenserit.</strong></span> <span class='ocrx_word' id='word_1_454' title='bbox 710 3219 776 3274; x_wconf 87' lang='lat' dir='ltr'><strong>item</strong></span> <span class='ocrx_word' id='word_1_455' title='bbox 792 3218 1024 3275; x_wconf 81' lang='lat' dir='ltr'><strong>Pauluszlllulite</strong></span> <span class='ocrx_word' id='word_1_456' title='bbox 1076 3226 1176 3281; x_wconf 70' lang='lat' dir='ltr'><strong>alsinse</strong></span> <span class='ocrx_word' id='word_1_457' title='bbox 1200 3223 1367 3287; x_wconf 85' lang='lat' dir='ltr'><strong>dilectionis,</strong></span> <span class='ocrx_word' id='word_1_458' title='bbox 1389 3236 1500 3275; x_wconf 75' lang='lat' dir='ltr'><strong>umorem</strong></span> <span class='ocrx_word' id='word_1_459' title='bbox 1526 3230 1681 3275; x_wconf 87' lang='lat' dir='ltr'><strong>creaturam</strong></span> <span class='ocrx_word' id='word_1_460' title='bbox 1713 3228 1865 3290; x_wconf 85' lang='lat' dir='ltr'><strong>postpoua·</strong></span> 
     </span>
     <span class='ocr_line' id='line_1_34' title="bbox 231 3309 1852 3384; baseline -0.001 -18"><span class='ocrx_word' id='word_1_461' title='bbox 231 3313 360 3384; x_wconf 67' lang='lat' dir='ltr'><strong>fraudare</strong></span> <span class='ocrx_word' id='word_1_462' title='bbox 383 3312 506 3378; x_wconf 86' lang='lat' dir='ltr'><strong>irtoicem,</strong></span> <span class='ocrx_word' id='word_1_463' title='bbox 520 3321 545 3366; x_wconf 86' lang='lat' dir='ltr'><strong>et</strong></span> <span class='ocrx_word' id='word_1_464' title='bbox 560 3311 614 3366; x_wconf 86' lang='lat' dir='ltr'><strong>nisi</strong></span> <span class='ocrx_word' id='word_1_465' title='bbox 633 3311 743 3381; x_wconf 73' lang='lat' dir='ltr'><strong>[orteec</strong></span> <span class='ocrx_word' id='word_1_466' title='bbox 766 3326 894 3364; x_wconf 84' lang='lat' dir='ltr'><strong>eorrsensu</strong></span> <span class='ocrx_word' id='word_1_467' title='bbox 908 3309 943 3362; x_wconf 90' lang='lat' dir='ltr'><strong>od</strong></span> <span class='ocrx_word' id='word_1_468' title='bbox 958 3316 1025 3361; x_wconf 79' lang='lat' dir='ltr'><strong>terit·</strong></span> <span class='ocrx_word' id='word_1_469' title='bbox 1075 3334 1139 3374; x_wconf 62' lang='lat' dir='ltr'><strong>nous</strong></span> <span class='ocrx_word' id='word_1_470' title='bbox 1154 3318 1176 3347; x_wconf 78' lang='lat'><strong>⁶¹</strong></span> <span class='ocrx_word' id='word_1_471' title='bbox 1198 3313 1368 3370; x_wconf 78' lang='lat' dir='ltr'><strong>Creatori⁸⁸.</strong></span> <span class='ocrx_word' id='word_1_472' title='bbox 1384 3311 1450 3367; x_wconf 87' lang='lat' dir='ltr'><strong>item</strong></span> <span class='ocrx_word' id='word_1_473' title='bbox 1478 3313 1618 3382; x_wconf 89' lang='lat' dir='ltr'><strong>quomodo</strong></span> <span class='ocrx_word' id='word_1_474' title='bbox 1639 3313 1792 3383; x_wconf 77' lang='lat' dir='ltr'><strong>corrjuqalis</strong></span> <span class='ocrx_word' id='word_1_475' title='bbox 1818 3327 1852 3370; x_wconf 91' lang='lat' dir='ltr'><strong>co</strong></span> 
     </span>
     <span class='ocr_line' id='line_1_35' title="bbox 231 3397 1865 3477; baseline -0.007 -21"><span class='ocrx_word' id='word_1_476' title='bbox 231 3418 280 3474; x_wconf 82' lang='lat' dir='ltr'><strong>pus</strong></span> <span class='ocrx_word' id='word_1_477' title='bbox 297 3414 325 3459; x_wconf 88' lang='lat' dir='ltr'><strong>ut</strong></span> <span class='ocrx_word' id='word_1_478' title='bbox 342 3405 437 3458; x_wconf 83' lang='lat' dir='ltr'><strong>tacetis</strong></span> <span class='ocrx_word' id='word_1_479' title='bbox 461 3403 589 3468; x_wconf 87' lang='lat' dir='ltr'><strong>orationi,</strong></span> <span class='ocrx_word' id='word_1_480' title='bbox 601 3410 626 3455; x_wconf 90' lang='lat' dir='ltr'><strong>et</strong></span> <span class='ocrx_word' id='word_1_481' title='bbox 641 3402 739 3454; x_wconf 78' lang='lat' dir='ltr'><strong>iteruin</strong></span> <span class='ocrx_word' id='word_1_482' title='bbox 755 3400 916 3454; x_wconf 84' lang='lat' dir='ltr'><strong>reuertitttini</strong></span> <span class='ocrx_word' id='word_1_483' title='bbox 937 3398 965 3450; x_wconf 86' lang='lat' dir='ltr'><strong>itt</strong></span> <span class='ocrx_word' id='word_1_484' title='bbox 980 3397 1025 3449; x_wconf 82' lang='lat' dir='ltr'><strong>td·</strong></span> <span class='ocrx_word' id='word_1_485' title='bbox 1075 3408 1139 3477; x_wconf 70' lang='lat' dir='ltr'><strong>puta</strong></span> <span class='ocrx_word' id='word_1_486' title='bbox 1158 3404 1299 3460; x_wconf 64' lang='lat' dir='ltr'><strong>zachariae</strong></span> <span class='ocrx_word' id='word_1_487' title='bbox 1315 3413 1342 3460; x_wconf 70' lang='lat' dir='ltr'><strong>ot</strong></span> <span class='ocrx_word' id='word_1_488' title='bbox 1357 3397 1506 3470; x_wconf 71' lang='lat' dir='ltr'><strong>Elisabeth,</strong></span> <span class='ocrx_word' id='word_1_489' title='bbox 1523 3404 1688 3458; x_wconf 61' lang='lat' dir='ltr'><strong>odorlico-tom</strong></span> <span class='ocrx_word' id='word_1_490' title='bbox 1714 3403 1775 3469; x_wconf 64' lang='lat' dir='ltr'><strong>fuit,</strong></span> <span class='ocrx_word' id='word_1_491' title='bbox 1793 3419 1865 3474; x_wconf 70' lang='lat' dir='ltr'><strong>quo.</strong></span> 
     </span>
     <span class='ocr_line' id='line_1_36' title="bbox 230 3490 1864 3569; baseline -0.007 -20"><span class='ocrx_word' id='word_1_492' title='bbox 230 3495 329 3566; x_wconf 81' lang='lat' dir='ltr'><strong>ipsum,</strong></span> <span class='ocrx_word' id='word_1_493' title='bbox 343 3511 375 3548; x_wconf 89' lang='lat' dir='ltr'><strong>ae</strong></span> <span class='ocrx_word' id='word_1_494' title='bbox 391 3502 471 3547; x_wconf 89' lang='lat' dir='ltr'><strong>tentet</strong></span> <span class='ocrx_word' id='word_1_495' title='bbox 484 3508 527 3545; x_wconf 84' lang='lat' dir='ltr'><strong>tot</strong></span> <span class='ocrx_word' id='word_1_496' title='bbox 549 3490 666 3545; x_wconf 81' lang='lat' dir='ltr'><strong>Satanas</strong></span> <span class='ocrx_word' id='word_1_497' title='bbox 679 3500 786 3560; x_wconf 80' lang='lat' dir='ltr'><strong>propter</strong></span> <span class='ocrx_word' id='word_1_498' title='bbox 801 3490 1024 3543; x_wconf 84' lang='lat' dir='ltr'><strong>incontinentium</strong></span> <span class='ocrx_word' id='word_1_499' title='bbox 1075 3516 1137 3554; x_wconf 69' lang='lat' dir='ltr'><strong>rum</strong></span> <span class='ocrx_word' id='word_1_500' title='bbox 1152 3498 1290 3569; x_wconf 70' lang='lat' dir='ltr'><strong>genituro,</strong></span> <span class='ocrx_word' id='word_1_501' title='bbox 1306 3495 1451 3566; x_wconf 37' lang='lat' dir='ltr'><strong>seiliootds,</strong></span> <span class='ocrx_word' id='word_1_502' title='bbox 1467 3494 1598 3563; x_wconf 63' lang='lat' dir='ltr'><strong>joannos,</strong></span> <span class='ocrx_word' id='word_1_503' title='bbox 1615 3495 1734 3565; x_wconf 63' lang='lat' dir='ltr'><strong>repletus</strong></span> <span class='ocrx_word' id='word_1_504' title='bbox 1747 3504 1790 3551; x_wconf 61' lang='lat' dir='ltr'><strong>eet</strong></span> <span class='ocrx_word' id='word_1_505' title='bbox 1803 3495 1864 3566; x_wconf 71' lang='lat' dir='ltr'><strong>spi.</strong></span> 
     </span>
     <span class='ocr_line' id='line_1_37' title="bbox 231 3581 1865 3658; baseline 0 -13"><span class='ocrx_word' id='word_1_506' title='bbox 231 3596 345 3640; x_wconf 75' lang='lat' dir='ltr'><strong>vetlrssm</strong></span> <span class='ocrx_word' id='word_1_507' title='bbox 369 3582 395 3653; x_wconf 75' lang='lat'><strong>(1</strong></span> <span class='ocrx_word' id='word_1_508' title='bbox 419 3582 482 3637; x_wconf 70' lang='lat' dir='ltr'><strong>Coi·</strong></span> <span class='ocrx_word' id='word_1_509' title='bbox 499 3584 560 3651; x_wconf 72' lang='lat' dir='ltr'><strong>VH)-</strong></span> <span class='ocrx_word' id='word_1_510' title='bbox 574 3581 655 3647; x_wconf 64' lang='lat' dir='ltr'><strong>Ecce,</strong></span> <span class='ocrx_word' id='word_1_511' title='bbox 682 3583 821 3652; x_wconf 74' lang='lat' dir='ltr'><strong>q⁰⁰ffi0d⁰</strong></span> <span class='ocrx_word' id='word_1_512' title='bbox 843 3583 939 3637; x_wconf 87' lang='lat' dir='ltr'><strong>debent</strong></span> <span class='ocrx_word' id='word_1_513' title='bbox 962 3597 1024 3637; x_wconf 71' lang='lat'><strong>0⁸80</strong></span> <span class='ocrx_word' id='word_1_514' title='bbox 1075 3591 1130 3644; x_wconf 88' lang='lat' dir='ltr'><strong>ritu</strong></span> <span class='ocrx_word' id='word_1_515' title='bbox 1157 3601 1254 3644; x_wconf 86' lang='lat' dir='ltr'><strong>sancto</strong></span> <span class='ocrx_word' id='word_1_516' title='bbox 1276 3589 1367 3643; x_wconf 87' lang='lat' dir='ltr'><strong>adhuc</strong></span> <span class='ocrx_word' id='word_1_517' title='bbox 1390 3588 1416 3641; x_wconf 92' lang='lat' dir='ltr'><strong>in</strong></span> <span class='ocrx_word' id='word_1_518' title='bbox 1433 3597 1511 3642; x_wconf 91' lang='lat' dir='ltr'><strong>utero</strong></span> <span class='ocrx_word' id='word_1_519' title='bbox 1536 3587 1653 3642; x_wconf 83' lang='lat' dir='ltr'><strong>nratrisl</strong></span> <span class='ocrx_word' id='word_1_520' title='bbox 1672 3597 1699 3642; x_wconf 91' lang='lat' dir='ltr'><strong>et</strong></span> <span class='ocrx_word' id='word_1_521' title='bbox 1723 3587 1746 3643; x_wconf 91' lang='lat' dir='ltr'><strong>si</strong></span> <span class='ocrx_word' id='word_1_522' title='bbox 1762 3588 1865 3658; x_wconf 80' lang='lat' dir='ltr'><strong>Spiritu</strong></span> 
     </span>
     <span class='ocr_line' id='line_1_38' title="bbox 233 3670 1851 3752; baseline 0.002 -23"><span class='ocrx_word' id='word_1_523' title='bbox 233 3676 376 3742; x_wconf 90' lang='lat' dir='ltr'><strong>utriusque</strong></span> <span class='ocrx_word' id='word_1_524' title='bbox 388 3686 550 3727; x_wconf 86' lang='lat' dir='ltr'><strong>cousensus.</strong></span> <span class='ocrx_word' id='word_1_525' title='bbox 566 3670 632 3727; x_wconf 88' lang='lat' dir='ltr'><strong>item</strong></span> <span class='ocrx_word' id='word_1_526' title='bbox 645 3670 748 3728; x_wconf 84' lang='lat' dir='ltr'><strong>Paulus</strong></span> <span class='ocrx_word' id='word_1_527' title='bbox 764 3691 771 3727; x_wconf 72' lang='grc' dir='ltr'><em>ι</em></span> <span class='ocrx_word' id='word_1_528' title='bbox 789 3673 857 3727; x_wconf 85' lang='lat' dir='ltr'><strong>Dico</strong></span> <span class='ocrx_word' id='word_1_529' title='bbox 871 3683 961 3728; x_wconf 87' lang='lat' dir='ltr'><strong>autem</strong></span> <span class='ocrx_word' id='word_1_530' title='bbox 975 3675 1021 3727; x_wconf 88' lang='lat' dir='ltr'><strong>in·</strong></span> <span class='ocrx_word' id='word_1_531' title='bbox 1074 3691 1170 3738; x_wconf 73' lang='lat' dir='ltr'><strong>soporo</strong></span> <span class='ocrx_word' id='word_1_532' title='bbox 1186 3682 1306 3751; x_wconf 76' lang='lat' dir='ltr'><strong>repletus</strong></span> <span class='ocrx_word' id='word_1_533' title='bbox 1332 3690 1385 3748; x_wconf 84' lang='lat' dir='ltr'><strong>ost,</strong></span> <span class='ocrx_word' id='word_1_534' title='bbox 1402 3695 1468 3752; x_wconf 78' lang='lat' dir='ltr'><strong>ergo</strong></span> <span class='ocrx_word' id='word_1_535' title='bbox 1484 3680 1689 3746; x_wconf 80' lang='lat' dir='ltr'><strong>sanctificatus;</strong></span> <span class='ocrx_word' id='word_1_536' title='bbox 1720 3691 1748 3735; x_wconf 85' lang='lat' dir='ltr'><strong>et</strong></span> <span class='ocrx_word' id='word_1_537' title='bbox 1763 3681 1786 3737; x_wconf 87' lang='lat' dir='ltr'><strong>si</strong></span> <span class='ocrx_word' id='word_1_538' title='bbox 1801 3694 1851 3736; x_wconf 89' lang='lat' dir='ltr'><strong>san</strong></span> 
     </span>
     <span class='ocr_line' id='line_1_39' title="bbox 232 3762 1864 3845; baseline 0.003 -24"><span class='ocrx_word' id='word_1_539' title='bbox 232 3762 445 3836; x_wconf 75' lang='lat' dir='ltr'><strong>nuptis250el</strong></span> <span class='ocrx_word' id='word_1_540' title='bbox 463 3763 548 3817; x_wconf 72' lang='lat' dir='ltr'><strong>vidctis</strong></span> <span class='ocrx_word' id='word_1_541' title='bbox 567 3762 697 3818; x_wconf 63' lang='lat' dir='ltr'><strong>:Bonum</strong></span> <span class='ocrx_word' id='word_1_542' title='bbox 710 3775 748 3820; x_wconf 90' lang='lat' dir='ltr'><strong>est</strong></span> <span class='ocrx_word' id='word_1_543' title='bbox 760 3765 815 3821; x_wconf 72' lang='lat' dir='ltr'><strong>illis</strong></span> <span class='ocrx_word' id='word_1_544' title='bbox 828 3767 852 3819; x_wconf 73' lang='grc' dir='ltr'><strong>εἰ</strong></span> <span class='ocrx_word' id='word_1_545' title='bbox 865 3766 904 3820; x_wconf 74' lang='lat' dir='ltr'><strong>et&#39;c</strong></span> <span class='ocrx_word' id='word_1_546' title='bbox 918 3783 1025 3837; x_wconf 75' lang='lat' dir='ltr'><strong>perma-</strong></span> <span class='ocrx_word' id='word_1_547' title='bbox 1074 3774 1220 3840; x_wconf 80' lang='lat' dir='ltr'><strong>stificatus,</strong></span> <span class='ocrx_word' id='word_1_548' title='bbox 1243 3787 1308 3844; x_wconf 80' lang='lat' dir='ltr'><strong>ergo</strong></span> <span class='ocrx_word' id='word_1_549' title='bbox 1333 3775 1368 3828; x_wconf 80' lang='lat' dir='ltr'><strong>alo</strong></span> <span class='ocrx_word' id='word_1_550' title='bbox 1379 3774 1456 3828; x_wconf 85' lang='lat' dir='ltr'><strong>onrui</strong></span> <span class='ocrx_word' id='word_1_551' title='bbox 1478 3787 1590 3842; x_wconf 87' lang='lat' dir='ltr'><strong>peccato</strong></span> <span class='ocrx_word' id='word_1_552' title='bbox 1616 3773 1777 3842; x_wconf 86' lang='lat' dir='ltr'><strong>mundatos,</strong></span> <span class='ocrx_word' id='word_1_553' title='bbox 1798 3787 1864 3845; x_wconf 77' lang='lat' dir='ltr'><strong>erqo</strong></span> 
     </span>
     <span class='ocr_line' id='line_1_40' title="bbox 231 3857 1864 3936; baseline 0.004 -22"><span class='ocrx_word' id='word_1_554' title='bbox 231 3866 322 3923; x_wconf 79' lang='lat' dir='ltr'><strong>nectit,</strong></span> <span class='ocrx_word' id='word_1_555' title='bbox 342 3857 411 3910; x_wconf 78' lang='lat' dir='ltr'><strong>sicul</strong></span> <span class='ocrx_word' id='word_1_556' title='bbox 436 3864 461 3910; x_wconf 80' lang='lat' dir='ltr'><strong>el</strong></span> <span class='ocrx_word' id='word_1_557' title='bbox 485 3872 547 3926; x_wconf 77' lang='lat' dir='ltr'><strong>etot</strong></span> <span class='ocrx_word' id='word_1_558' title='bbox 564 3857 634 3928; x_wconf 76' lang='lat' dir='ltr'><strong>quod</strong></span> <span class='ocrx_word' id='word_1_559' title='bbox 655 3858 679 3910; x_wconf 70' lang='grc' dir='ltr'><strong>εἰ</strong></span> <span class='ocrx_word' id='word_1_560' title='bbox 701 3875 728 3912; x_wconf 74' lang='lat' dir='ltr'><strong>se</strong></span> <span class='ocrx_word' id='word_1_561' title='bbox 749 3876 803 3913; x_wconf 77' lang='lat' dir='ltr'><strong>tren</strong></span> <span class='ocrx_word' id='word_1_562' title='bbox 817 3859 962 3927; x_wconf 90' lang='lat' dir='ltr'><strong>continent,</strong></span> <span class='ocrx_word' id='word_1_563' title='bbox 976 3876 1024 3915; x_wconf 80' lang='lat' dir='ltr'><strong>utt-</strong></span> <span class='ocrx_word' id='word_1_564' title='bbox 1074 3882 1129 3921; x_wconf 79' lang='lat' dir='ltr'><strong>nen</strong></span> <span class='ocrx_word' id='word_1_565' title='bbox 1144 3883 1177 3922; x_wconf 82' lang='lat' dir='ltr'><strong>ex</strong></span> <span class='ocrx_word' id='word_1_566' title='bbox 1198 3868 1333 3925; x_wconf 90' lang='lat' dir='ltr'><strong>adulterio</strong></span> <span class='ocrx_word' id='word_1_567' title='bbox 1348 3872 1509 3934; x_wconf 87' lang='lat' dir='ltr'><strong>correeptus,</strong></span> <span class='ocrx_word' id='word_1_568' title='bbox 1526 3879 1592 3936; x_wconf 76' lang='lat' dir='ltr'><strong>ergo</strong></span> <span class='ocrx_word' id='word_1_569' title='bbox 1609 3864 1751 3922; x_wconf 80' lang='lat' dir='ltr'><strong>Zachariae</strong></span> <span class='ocrx_word' id='word_1_570' title='bbox 1768 3874 1796 3922; x_wconf 83' lang='lat' dir='ltr'><strong>el</strong></span> <span class='ocrx_word' id='word_1_571' title='bbox 1809 3864 1864 3920; x_wconf 83' lang='lat' dir='ltr'><strong>Eli·</strong></span> 
     </span>
     <span class='ocr_line' id='line_1_41' title="bbox 230 3948 1603 4028; baseline 0.002 -21"><span class='ocrx_word' id='word_1_572' title='bbox 230 3952 318 4007; x_wconf 80' lang='lat' dir='ltr'><strong>barat:</strong></span> <span class='ocrx_word' id='word_1_573' title='bbox 336 3948 429 4004; x_wconf 85' lang='lat' dir='ltr'><strong>melius</strong></span> <span class='ocrx_word' id='word_1_574' title='bbox 448 3959 486 4003; x_wconf 88' lang='lat' dir='ltr'><strong>est</strong></span> <span class='ocrx_word' id='word_1_575' title='bbox 512 3952 582 4004; x_wconf 81' lang='lat' dir='ltr'><strong>cutim</strong></span> <span class='ocrx_word' id='word_1_576' title='bbox 598 3955 696 4006; x_wconf 76' lang='lat' dir='ltr'><strong>tonuere</strong></span> <span class='ocrx_word' id='word_1_577' title='bbox 710 3968 790 4023; x_wconf 89' lang='lat' dir='ltr'><strong>quarn</strong></span> <span class='ocrx_word' id='word_1_578' title='bbox 815 3953 866 4006; x_wconf 89' lang='lat' dir='ltr'><strong>uri.</strong></span> <span class='ocrx_word' id='word_1_579' title='bbox 882 3950 1022 4007; x_wconf 82' lang='lat' dir='ltr'><strong>litantem</strong></span> <span class='ocrx_word' id='word_1_580' title='bbox 1073 3958 1170 4013; x_wconf 86' lang='lat' dir='ltr'><strong>sabeth</strong></span> <span class='ocrx_word' id='word_1_581' title='bbox 1186 3960 1282 4028; x_wconf 89' lang='lat' dir='ltr'><strong>copula</strong></span> <span class='ocrx_word' id='word_1_582' title='bbox 1293 3973 1347 4012; x_wconf 91' lang='lat' dir='ltr'><strong>non</strong></span> <span class='ocrx_word' id='word_1_583' title='bbox 1362 3956 1413 4011; x_wconf 88' lang='lat' dir='ltr'><strong>iuit</strong></span> <span class='ocrx_word' id='word_1_584' title='bbox 1425 3955 1603 4011; x_wconf 81' lang='lat' dir='ltr'><strong>adulterium.</strong></span> 
     </span>
     <span class='ocr_line' id='line_1_42' title="bbox 230 4041 1863 4117; baseline 0.006 -22"><span class='ocrx_word' id='word_1_585' title='bbox 230 4042 275 4113; x_wconf 87' lang='lat' dir='ltr'><strong>qui</strong></span> <span class='ocrx_word' id='word_1_586' title='bbox 286 4041 457 4095; x_wconf 88' lang='lat' dir='ltr'><strong>matrimonio</strong></span> <span class='ocrx_word' id='word_1_587' title='bbox 476 4042 566 4112; x_wconf 73' lang='lat' dir='ltr'><strong>intacti</strong></span> <span class='ocrx_word' id='word_1_588' title='bbox 585 4050 656 4110; x_wconf 83' lang='lat' dir='ltr'><strong>catut,</strong></span> <span class='ocrx_word' id='word_1_589' title='bbox 681 4042 818 4113; x_wconf 75' lang='lat' dir='ltr'><strong>precipio,</strong></span> <span class='ocrx_word' id='word_1_590' title='bbox 839 4061 893 4098; x_wconf 85' lang='lat' dir='ltr'><strong>tuan</strong></span> <span class='ocrx_word' id='word_1_591' title='bbox 906 4061 963 4116; x_wconf 84' lang='lat' dir='ltr'><strong>eqo,</strong></span> <span class='ocrx_word' id='word_1_592' title='bbox 976 4044 1022 4100; x_wconf 81' lang='lat' dir='ltr'><strong>sed</strong></span> <span class='ocrx_word' id='word_1_593' title='bbox 1110 4047 1163 4103; x_wconf 82' lang='lat' dir='ltr'><strong>Sed</strong></span> <span class='ocrx_word' id='word_1_594' title='bbox 1176 4048 1292 4103; x_wconf 77' lang='lat' dir='ltr'><strong>forsitan</strong></span> <span class='ocrx_word' id='word_1_595' title='bbox 1307 4047 1399 4102; x_wconf 88' lang='lat' dir='ltr'><strong>diccut</strong></span> <span class='ocrx_word' id='word_1_596' title='bbox 1424 4048 1514 4117; x_wconf 89' lang='lat' dir='ltr'><strong>ipsum</strong></span> <span class='ocrx_word' id='word_1_597' title='bbox 1530 4046 1666 4104; x_wconf 77' lang='lat' dir='ltr'><strong>loannem</strong></span> <span class='ocrx_word' id='word_1_598' title='bbox 1684 4064 1738 4104; x_wconf 91' lang='lat' dir='ltr'><strong>non</strong></span> <span class='ocrx_word' id='word_1_599' title='bbox 1754 4063 1815 4105; x_wconf 84' lang='lat' dir='ltr'><strong>esse</strong></span> <span class='ocrx_word' id='word_1_600' title='bbox 1829 4048 1863 4104; x_wconf 85' lang='lat' dir='ltr'><strong>d·</strong></span> 
     </span>
     <span class='ocr_line' id='line_1_43' title="bbox 230 4132 1863 4211; baseline 0.005 -25"><span class='ocrx_word' id='word_1_601' title='bbox 230 4132 371 4199; x_wconf 86' lang='lat' dir='ltr'><strong>Dctut&#39;nus,</strong></span> <span class='ocrx_word' id='word_1_602' title='bbox 394 4147 503 4185; x_wconf 82' lang='lat' dir='ltr'><strong>acorem</strong></span> <span class='ocrx_word' id='word_1_603' title='bbox 524 4134 608 4186; x_wconf 89' lang='lat' dir='ltr'><strong>auiro</strong></span> <span class='ocrx_word' id='word_1_604' title='bbox 632 4149 684 4187; x_wconf 88' lang='lat' dir='ltr'><strong>uon</strong></span> <span class='ocrx_word' id='word_1_605' title='bbox 699 4134 843 4202; x_wconf 82' lang='lat' dir='ltr'><strong>discedere,</strong></span> <span class='ocrx_word' id='word_1_606' title='bbox 862 4145 887 4189; x_wconf 88' lang='lat' dir='ltr'><strong>et</strong></span> <span class='ocrx_word' id='word_1_607' title='bbox 899 4138 940 4191; x_wconf 87' lang='lat' dir='ltr'><strong>uir</strong></span> <span class='ocrx_word' id='word_1_608' title='bbox 955 4153 1023 4191; x_wconf 85' lang='lat' dir='ltr'><strong>ucc-</strong></span> <span class='ocrx_word' id='word_1_609' title='bbox 1073 4140 1142 4195; x_wconf 89' lang='lat' dir='ltr'><strong>lium</strong></span> <span class='ocrx_word' id='word_1_610' title='bbox 1158 4138 1310 4194; x_wconf 75' lang='lat' dir='ltr'><strong>Zachariae.</strong></span> <span class='ocrx_word' id='word_1_611' title='bbox 1324 4139 1377 4192; x_wconf 85' lang='lat' dir='ltr'><strong>Sed</strong></span> <span class='ocrx_word' id='word_1_612' title='bbox 1392 4139 1506 4194; x_wconf 88' lang='lat' dir='ltr'><strong>audiant</strong></span> <span class='ocrx_word' id='word_1_613' title='bbox 1531 4141 1595 4210; x_wconf 88' lang='lat' dir='ltr'><strong>quid</strong></span> <span class='ocrx_word' id='word_1_614' title='bbox 1609 4142 1679 4196; x_wconf 84' lang='lat' dir='ltr'><strong>dixit</strong></span> <span class='ocrx_word' id='word_1_615' title='bbox 1700 4140 1813 4211; x_wconf 81' lang='lat' dir='ltr'><strong>angelus</strong></span> <span class='ocrx_word' id='word_1_616' title='bbox 1828 4140 1863 4194; x_wconf 89' lang='lat' dir='ltr'><strong>ad</strong></span> 
     </span>
     <span class='ocr_line' id='line_1_44' title="bbox 230 4224 1864 4304; baseline 0.006 -25"><span class='ocrx_word' id='word_1_617' title='bbox 230 4242 284 4279; x_wconf 88' lang='lat' dir='ltr'><strong>rem</strong></span> <span class='ocrx_word' id='word_1_618' title='bbox 300 4241 353 4278; x_wconf 90' lang='lat' dir='ltr'><strong>non</strong></span> <span class='ocrx_word' id='word_1_619' title='bbox 367 4224 486 4279; x_wconf 88' lang='lat' dir='ltr'><strong>dimittat</strong></span> <span class='ocrx_word' id='word_1_620' title='bbox 512 4224 613 4296; x_wconf 75' lang='lat' dir='ltr'><strong>(ilici).</strong></span> <span class='ocrx_word' id='word_1_621' title='bbox 632 4224 719 4281; x_wconf 87' lang='lat' dir='ltr'><strong>item:</strong></span> <span class='ocrx_word' id='word_1_622' title='bbox 737 4225 767 4281; x_wconf 90' lang='lat' dir='ltr'><strong>Si</strong></span> <span class='ocrx_word' id='word_1_623' title='bbox 787 4229 846 4299; x_wconf 84' lang='lat' dir='ltr'><strong>quis</strong></span> <span class='ocrx_word' id='word_1_624' title='bbox 859 4228 937 4283; x_wconf 77' lang='lat' dir='ltr'><strong>dalet</strong></span> <span class='ocrx_word' id='word_1_625' title='bbox 952 4245 1021 4283; x_wconf 52' lang='lat' dir='ltr'><strong>nco*</strong></span> <span class='ocrx_word' id='word_1_626' title='bbox 1073 4231 1234 4286; x_wconf 80' lang='lat' dir='ltr'><strong>Zachariam</strong></span> <span class='ocrx_word' id='word_1_627' title='bbox 1249 4247 1256 4282; x_wconf 75' lang='grc' dir='ltr'><em>ε</em></span> <span class='ocrx_word' id='word_1_628' title='bbox 1271 4228 1404 4285; x_wconf 84' lang='lat' dir='ltr'><strong>Nascetur</strong></span> <span class='ocrx_word' id='word_1_629' title='bbox 1419 4233 1468 4285; x_wconf 88' lang='lat' dir='ltr'><strong>tili</strong></span> <span class='ocrx_word' id='word_1_630' title='bbox 1480 4233 1553 4302; x_wconf 73' lang='lat' dir='ltr'><strong>filius</strong></span> <span class='ocrx_word' id='word_1_631' title='bbox 1566 4232 1643 4303; x_wconf 83' lang='lat' dir='ltr'><strong>(Luc.</strong></span> <span class='ocrx_word' id='word_1_632' title='bbox 1660 4241 1691 4304; x_wconf 80' lang='lat' dir='ltr'><strong>tl.</strong></span> <span class='ocrx_word' id='word_1_633' title='bbox 1708 4232 1774 4290; x_wconf 87' lang='lat' dir='ltr'><strong>item</strong></span> <span class='ocrx_word' id='word_1_634' title='bbox 1789 4253 1797 4290; x_wconf 70' lang='grc' dir='ltr'><em>ι</em></span> <span class='ocrx_word' id='word_1_635' title='bbox 1812 4232 1864 4290; x_wconf 85' lang='lat' dir='ltr'><strong>Oc·</strong></span> 
     </span>
     <span class='ocr_line' id='line_1_45' title="bbox 229 4318 1863 4396; baseline 0.006 -24"><span class='ocrx_word' id='word_1_636' title='bbox 229 4334 284 4372; x_wconf 90' lang='lat' dir='ltr'><strong>rent</strong></span> <span class='ocrx_word' id='word_1_637' title='bbox 296 4318 440 4389; x_wconf 78' lang='lat' dir='ltr'><strong>infidelem,</strong></span> <span class='ocrx_word' id='word_1_638' title='bbox 466 4328 491 4373; x_wconf 90' lang='lat' dir='ltr'><strong>et</strong></span> <span class='ocrx_word' id='word_1_639' title='bbox 513 4320 568 4373; x_wconf 85' lang='lat' dir='ltr'><strong>lteec</strong></span> <span class='ocrx_word' id='word_1_640' title='bbox 594 4321 725 4374; x_wconf 86' lang='lat' dir='ltr'><strong>consentit</strong></span> <span class='ocrx_word' id='word_1_641' title='bbox 741 4318 862 4375; x_wconf 78' lang='lat' dir='ltr'><strong>luciditate</strong></span> <span class='ocrx_word' id='word_1_642' title='bbox 877 4338 936 4375; x_wconf 88' lang='lat' dir='ltr'><strong>cum</strong></span> <span class='ocrx_word' id='word_1_643' title='bbox 960 4323 1020 4389; x_wconf 88' lang='lat' dir='ltr'><strong>illo,</strong></span> <span class='ocrx_word' id='word_1_644' title='bbox 1073 4335 1132 4379; x_wconf 90' lang='lat' dir='ltr'><strong>taoo</strong></span> <span class='ocrx_word' id='word_1_645' title='bbox 1144 4324 1186 4378; x_wconf 89' lang='lat' dir='ltr'><strong>die</strong></span> <span class='ocrx_word' id='word_1_646' title='bbox 1205 4333 1330 4378; x_wconf 86' lang='lat' dir='ltr'><strong>uerterunt</strong></span> <span class='ocrx_word' id='word_1_647' title='bbox 1353 4324 1544 4380; x_wconf 86' lang='lat' dir='ltr'><strong>circumcidere</strong></span> <span class='ocrx_word' id='word_1_648' title='bbox 1565 4336 1723 4396; x_wconf 83' lang='lat' dir='ltr'><strong>puerum,et</strong></span> <span class='ocrx_word' id='word_1_649' title='bbox 1736 4327 1863 4382; x_wconf 79' lang='lat' dir='ltr'><strong>occatam</strong></span> 
     </span>
     <span class='ocr_line' id='line_1_46' title="bbox 229 4399 1861 4492; baseline 0.006 -28"><span class='ocrx_word' id='word_1_650' title='bbox 229 4426 282 4464; x_wconf 90' lang='lat' dir='ltr'><strong>non</strong></span> <span class='ocrx_word' id='word_1_651' title='bbox 296 4411 415 4465; x_wconf 87' lang='lat' dir='ltr'><strong>dimittat</strong></span> <span class='ocrx_word' id='word_1_652' title='bbox 427 4410 502 4465; x_wconf 87' lang='lat' dir='ltr'><strong>illam</strong></span> <span class='ocrx_word' id='word_1_653' title='bbox 509 4427 519 4477; x_wconf 91' lang='lat'><em>;</em></span> <span class='ocrx_word' id='word_1_654' title='bbox 534 4412 718 4481; x_wconf 72' lang='lat' dir='ltr'><strong>sanctificatur</strong></span> <span class='ocrx_word' id='word_1_655' title='bbox 735 4420 774 4467; x_wconf 85' lang='lat' dir='ltr'><strong>erl</strong></span> <span class='ocrx_word' id='word_1_656' title='bbox 787 4412 857 4465; x_wconf 89' lang='lat' dir='ltr'><strong>enim</strong></span> <span class='ocrx_word' id='word_1_657' title='bbox 874 4413 1021 4483; x_wconf 81' lang='lat' dir='ltr'><strong>oirttqtde·</strong></span> <span class='ocrx_word' id='word_1_658' title='bbox 1035 4399 1132 4473; x_wconf 65' lang='lat' dir='ltr'><strong>1&#39;etum</strong></span> <span class='ocrx_word' id='word_1_659' title='bbox 1149 4417 1253 4471; x_wconf 87' lang='lat' dir='ltr'><strong>nomine</strong></span> <span class='ocrx_word' id='word_1_660' title='bbox 1275 4417 1362 4487; x_wconf 84' lang='lat' dir='ltr'><strong>patris</strong></span> <span class='ocrx_word' id='word_1_661' title='bbox 1382 4417 1424 4470; x_wconf 85' lang='lat' dir='ltr'><strong>sni</strong></span> <span class='ocrx_word' id='word_1_662' title='bbox 1440 4416 1599 4473; x_wconf 82' lang='lat' dir='ltr'><strong>Zachariam</strong></span> <span class='ocrx_word' id='word_1_663' title='bbox 1615 4418 1717 4492; x_wconf 76' lang='lat' dir='ltr'><strong>(idid).</strong></span> <span class='ocrx_word' id='word_1_664' title='bbox 1730 4420 1861 4490; x_wconf 85' lang='lat' dir='ltr'><strong>Insuper:</strong></span> 
     </span>
     <span class='ocr_line' id='line_1_47' title="bbox 229 4503 1862 4583; baseline 0.006 -25"><span class='ocrx_word' id='word_1_665' title='bbox 229 4504 262 4558; x_wconf 82' lang='lat' dir='ltr'><strong>lit</strong></span> <span class='ocrx_word' id='word_1_666' title='bbox 277 4521 323 4575; x_wconf 86' lang='lat' dir='ltr'><strong>per</strong></span> <span class='ocrx_word' id='word_1_667' title='bbox 344 4506 479 4559; x_wconf 88' lang='lat' dir='ltr'><strong>mulierem</strong></span> <span class='ocrx_word' id='word_1_668' title='bbox 502 4504 618 4574; x_wconf 78' lang='lat' dir='ltr'><strong>fidelem,</strong></span> <span class='ocrx_word' id='word_1_669' title='bbox 634 4513 659 4559; x_wconf 89' lang='lat' dir='ltr'><strong>et</strong></span> <span class='ocrx_word' id='word_1_670' title='bbox 680 4503 775 4560; x_wconf 84' lang='lat' dir='ltr'><strong>ntulier</strong></span> <span class='ocrx_word' id='word_1_671' title='bbox 794 4505 908 4575; x_wconf 67' lang='lat' dir='ltr'><strong>infidelis</strong></span> <span class='ocrx_word' id='word_1_672' title='bbox 922 4522 968 4576; x_wconf 86' lang='lat' dir='ltr'><strong>per</strong></span> <span class='ocrx_word' id='word_1_673' title='bbox 980 4507 1021 4560; x_wconf 87' lang='lat' dir='ltr'><strong>oi·</strong></span> <span class='ocrx_word' id='word_1_674' title='bbox 1074 4510 1172 4565; x_wconf 79' lang='lat' dir='ltr'><strong>Mettus</strong></span> <span class='ocrx_word' id='word_1_675' title='bbox 1186 4509 1294 4564; x_wconf 73' lang='lat' dir='ltr'><strong>flumini</strong></span> <span class='ocrx_word' id='word_1_676' title='bbox 1304 4521 1362 4565; x_wconf 85' lang='lat' dir='ltr'><strong>erut</strong></span> <span class='ocrx_word' id='word_1_677' title='bbox 1377 4527 1437 4564; x_wconf 90' lang='lat' dir='ltr'><strong>cum</strong></span> <span class='ocrx_word' id='word_1_678' title='bbox 1448 4510 1508 4576; x_wconf 78' lang='lat' dir='ltr'><strong>itta,</strong></span> <span class='ocrx_word' id='word_1_679' title='bbox 1522 4521 1546 4565; x_wconf 92' lang='lat' dir='ltr'><strong>et</strong></span> <span class='ocrx_word' id='word_1_680' title='bbox 1558 4510 1705 4565; x_wconf 74' lang='lat' dir='ltr'><strong>Zacharias</strong></span> <span class='ocrx_word' id='word_1_681' title='bbox 1717 4521 1794 4581; x_wconf 85' lang='lat' dir='ltr'><strong>pater</strong></span> <span class='ocrx_word' id='word_1_682' title='bbox 1805 4514 1862 4583; x_wconf 77' lang='lat' dir='ltr'><strong>ejus</strong></span> 
     </span>
     <span class='ocr_line' id='line_1_48' title="bbox 230 4595 1861 4677; baseline 0.006 -28"><span class='ocrx_word' id='word_1_683' title='bbox 230 4612 288 4650; x_wconf 92' lang='lat' dir='ltr'><strong>rum</strong></span> <span class='ocrx_word' id='word_1_684' title='bbox 312 4595 416 4665; x_wconf 79' lang='lat' dir='ltr'><strong>fidelem</strong></span> <span class='ocrx_word' id='word_1_685' title='bbox 429 4615 436 4650; x_wconf 77' lang='grc' dir='ltr'><em>ε</em></span> <span class='ocrx_word' id='word_1_686' title='bbox 450 4596 580 4666; x_wconf 88' lang='lat' dir='ltr'><strong>alioquin,</strong></span> <span class='ocrx_word' id='word_1_687' title='bbox 593 4597 646 4667; x_wconf 77' lang='lat' dir='ltr'><strong>ptri</strong></span> <span class='ocrx_word' id='word_1_688' title='bbox 673 4596 753 4651; x_wconf 86' lang='lat' dir='ltr'><strong>oeclri</strong></span> <span class='ocrx_word' id='word_1_689' title='bbox 770 4596 900 4651; x_wconf 88' lang='lat' dir='ltr'><strong>immundi</strong></span> <span class='ocrx_word' id='word_1_690' title='bbox 921 4609 1018 4667; x_wconf 83' lang='lat' dir='ltr'><strong>essent,</strong></span> <span class='ocrx_word' id='word_1_691' title='bbox 1072 4604 1185 4674; x_wconf 78' lang='lat' dir='ltr'><strong>repletus</strong></span> <span class='ocrx_word' id='word_1_692' title='bbox 1195 4612 1233 4658; x_wconf 91' lang='grc' dir='ltr'><strong>εει</strong></span> <span class='ocrx_word' id='word_1_693' title='bbox 1244 4602 1348 4673; x_wconf 87' lang='lat' dir='ltr'><strong>Spiritu</strong></span> <span class='ocrx_word' id='word_1_694' title='bbox 1361 4614 1464 4671; x_wconf 87' lang='lat' dir='ltr'><strong>tattcto,</strong></span> <span class='ocrx_word' id='word_1_695' title='bbox 1476 4604 1682 4674; x_wconf 87' lang='lat' dir='ltr'><strong>etprcpltetauit,</strong></span> <span class='ocrx_word' id='word_1_696' title='bbox 1694 4612 1747 4658; x_wconf 85' lang='lat' dir='ltr'><strong>ele.</strong></span> <span class='ocrx_word' id='word_1_697' title='bbox 1764 4602 1861 4677; x_wconf 76' lang='lat' dir='ltr'><strong>(leid.)</strong></span> 
     </span>
     <span class='ocr_line' id='line_1_49' title="bbox 229 4688 1860 4767; baseline 0.008 -27"><span class='ocrx_word' id='word_1_698' title='bbox 229 4707 298 4744; x_wconf 84' lang='lat' dir='ltr'><strong>nune</strong></span> <span class='ocrx_word' id='word_1_699' title='bbox 308 4699 396 4744; x_wconf 86' lang='lat' dir='ltr'><strong>autem</strong></span> <span class='ocrx_word' id='word_1_700' title='bbox 412 4690 503 4743; x_wconf 87' lang='lat' dir='ltr'><strong>mundi</strong></span> <span class='ocrx_word' id='word_1_701' title='bbox 518 4699 579 4743; x_wconf 81' lang='lat' dir='ltr'><strong>runt</strong></span> <span class='ocrx_word' id='word_1_702' title='bbox 594 4688 685 4760; x_wconf 80' lang='lat' dir='ltr'><strong>(idid.)</strong></span> <span class='ocrx_word' id='word_1_703' title='bbox 1071 4695 1176 4751; x_wconf 82' lang='lat' dir='ltr'><strong>Etalibi</strong></span> <span class='ocrx_word' id='word_1_704' title='bbox 1188 4716 1194 4751; x_wconf 95' lang='lat'><strong>:</strong></span> <span class='ocrx_word' id='word_1_705' title='bbox 1206 4695 1240 4750; x_wconf 83' lang='lat' dir='ltr'><strong>Et</strong></span> <span class='ocrx_word' id='word_1_706' title='bbox 1254 4697 1356 4767; x_wconf 71' lang='lat' dir='ltr'><strong>lactum</strong></span> <span class='ocrx_word' id='word_1_707' title='bbox 1366 4698 1518 4751; x_wconf 84' lang='lat' dir='ltr'><strong>estoerlum</strong></span> <span class='ocrx_word' id='word_1_708' title='bbox 1528 4697 1633 4750; x_wconf 82' lang='lat' dir='ltr'><strong>llomini</strong></span> <span class='ocrx_word' id='word_1_709' title='bbox 1643 4695 1860 4766; x_wconf 74' lang='lat' dir='ltr'><strong>superluanaettt</strong></span> 
     </span>
     <span class='ocr_line' id='line_1_50' title="bbox 265 4781 1861 4859; baseline 0.005 -20"><span class='ocrx_word' id='word_1_710' title='bbox 265 4783 320 4839; x_wconf 85' lang='lat' dir='ltr'><strong>Sed</strong></span> <span class='ocrx_word' id='word_1_711' title='bbox 336 4781 407 4838; x_wconf 90' lang='lat' dir='ltr'><strong>iorte</strong></span> <span class='ocrx_word' id='word_1_712' title='bbox 422 4782 542 4837; x_wconf 78' lang='lat' dir='ltr'><strong>haeretici</strong></span> <span class='ocrx_word' id='word_1_713' title='bbox 555 4782 686 4852; x_wconf 83' lang='lat' dir='ltr'><strong>objicient</strong></span> <span class='ocrx_word' id='word_1_714' title='bbox 697 4781 778 4838; x_wconf 84' lang='lat' dir='ltr'><strong>nobis</strong></span> <span class='ocrx_word' id='word_1_715' title='bbox 790 4781 857 4838; x_wconf 86' lang='lat' dir='ltr'><strong>illud</strong></span> <span class='ocrx_word' id='word_1_716' title='bbox 870 4782 1015 4854; x_wconf 79' lang='lat' dir='ltr'><strong>Apostoli:</strong></span> <span class='ocrx_word' id='word_1_717' title='bbox 1070 4787 1210 4844; x_wconf 76' lang='lat' dir='ltr'><strong>Zacharia</strong></span> <span class='ocrx_word' id='word_1_718' title='bbox 1229 4789 1326 4859; x_wconf 71' lang='lat' dir='ltr'><strong>filium,</strong></span> <span class='ocrx_word' id='word_1_719' title='bbox 1342 4792 1369 4843; x_wconf 89' lang='lat' dir='ltr'><strong>in</strong></span> <span class='ocrx_word' id='word_1_720' title='bbox 1383 4788 1484 4843; x_wconf 87' lang='lat' dir='ltr'><strong>decerto</strong></span> <span class='ocrx_word' id='word_1_721' title='bbox 1501 4790 1579 4859; x_wconf 80' lang='lat' dir='ltr'><strong>(iac.</strong></span> <span class='ocrx_word' id='word_1_722' title='bbox 1591 4790 1643 4859; x_wconf 82' lang='lat' dir='ltr'><strong>tu).</strong></span> <span class='ocrx_word' id='word_1_723' title='bbox 1661 4787 1739 4858; x_wconf 88' lang='lat' dir='ltr'><strong>item,</strong></span> <span class='ocrx_word' id='word_1_724' title='bbox 1766 4807 1861 4847; x_wconf 73' lang='lat' dir='ltr'><strong>sarrra-</strong></span> 
     </span>
     <span class='ocr_line' id='line_1_51' title="bbox 228 4872 1859 4952; baseline 0.004 -21"><span class='ocrx_word' id='word_1_725' title='bbox 228 4875 282 4943; x_wconf 75' lang='lat' dir='ltr'><strong>Qui</strong></span> <span class='ocrx_word' id='word_1_726' title='bbox 296 4874 391 4929; x_wconf 80' lang='lat' dir='ltr'><strong>ladem</strong></span> <span class='ocrx_word' id='word_1_727' title='bbox 400 4888 506 4939; x_wconf 83' lang='lat' dir='ltr'><strong>acures,</strong></span> <span class='ocrx_word' id='word_1_728' title='bbox 515 4872 568 4926; x_wconf 88' lang='lat' dir='ltr'><strong>sint</strong></span> <span class='ocrx_word' id='word_1_729' title='bbox 579 4882 705 4944; x_wconf 77' lang='lat' dir='ltr'><strong>tanquam</strong></span> <span class='ocrx_word' id='word_1_730' title='bbox 716 4889 768 4927; x_wconf 85' lang='lat' dir='ltr'><strong>nort</strong></span> <span class='ocrx_word' id='word_1_731' title='bbox 781 4873 904 4930; x_wconf 77' lang='lat' dir='ltr'><strong>lacerates</strong></span> <span class='ocrx_word' id='word_1_732' title='bbox 916 4876 1017 4947; x_wconf 77' lang='lat' dir='ltr'><strong>(idid),</strong></span> <span class='ocrx_word' id='word_1_733' title='bbox 1073 4890 1196 4937; x_wconf 90' lang='lat' dir='ltr'><strong>mentum</strong></span> <span class='ocrx_word' id='word_1_734' title='bbox 1222 4880 1342 4952; x_wconf 80' lang='lat' dir='ltr'><strong>cottjuqii</strong></span> <span class='ocrx_word' id='word_1_735' title='bbox 1364 4881 1391 4933; x_wconf 91' lang='lat' dir='ltr'><strong>in</strong></span> <span class='ocrx_word' id='word_1_736' title='bbox 1405 4881 1532 4949; x_wconf 84' lang='lat' dir='ltr'><strong>paradiso</strong></span> <span class='ocrx_word' id='word_1_737' title='bbox 1546 4881 1601 4934; x_wconf 87' lang='lat' dir='ltr'><strong>inst</strong></span> <span class='ocrx_word' id='word_1_738' title='bbox 1613 4888 1701 4935; x_wconf 90' lang='lat' dir='ltr'><strong>tutum</strong></span> <span class='ocrx_word' id='word_1_739' title='bbox 1712 4891 1754 4938; x_wconf 86' lang='lat' dir='ltr'><strong>est</strong></span> <span class='ocrx_word' id='word_1_740' title='bbox 1764 4898 1779 4938; x_wconf 93' lang='lat' dir='ltr'><strong>a</strong></span> <span class='ocrx_word' id='word_1_741' title='bbox 1791 4880 1859 4948; x_wconf 88' lang='lat' dir='ltr'><strong>Deo,</strong></span> 
     </span>
     <span class='ocr_line' id='line_1_52' title="bbox 228 4964 1860 5045; baseline 0.006 -24"><span class='ocrx_word' id='word_1_742' title='bbox 228 4969 302 5040; x_wconf 86' lang='lat' dir='ltr'><strong>qutod</strong></span> <span class='ocrx_word' id='word_1_743' title='bbox 318 4967 359 5024; x_wconf 87' lang='lat' dir='ltr'><strong>sic</strong></span> <span class='ocrx_word' id='word_1_744' title='bbox 374 4964 580 5036; x_wconf 78' lang='lat' dir='ltr'><strong>iintelligendum</strong></span> <span class='ocrx_word' id='word_1_745' title='bbox 598 4975 655 5031; x_wconf 88' lang='lat' dir='ltr'><strong>est;</strong></span> <span class='ocrx_word' id='word_1_746' title='bbox 680 4965 774 5035; x_wconf 90' lang='lat' dir='ltr'><strong>potius</strong></span> <span class='ocrx_word' id='word_1_747' title='bbox 799 4967 949 5022; x_wconf 82' lang='lat' dir='ltr'><strong>servientes</strong></span> <span class='ocrx_word' id='word_1_748' title='bbox 960 4966 1017 5025; x_wconf 75' lang='lat' dir='ltr'><strong>lieo</strong></span> <span class='ocrx_word' id='word_1_749' title='bbox 1071 4973 1182 5045; x_wconf 89' lang='lat' dir='ltr'><strong>quando</strong></span> <span class='ocrx_word' id='word_1_750' title='bbox 1205 4971 1336 5028; x_wconf 84' lang='lat' dir='ltr'><strong>iormatit</strong></span> <span class='ocrx_word' id='word_1_751' title='bbox 1351 4972 1493 5028; x_wconf 91' lang='lat' dir='ltr'><strong>mulierem</strong></span> <span class='ocrx_word' id='word_1_752' title='bbox 1517 4974 1551 5028; x_wconf 92' lang='lat' dir='ltr'><strong>de</strong></span> <span class='ocrx_word' id='word_1_753' title='bbox 1566 4983 1642 5029; x_wconf 85' lang='lat' dir='ltr'><strong>costa</strong></span> <span class='ocrx_word' id='word_1_754' title='bbox 1662 4975 1725 5041; x_wconf 80' lang='lat' dir='ltr'><strong>uiri,</strong></span> <span class='ocrx_word' id='word_1_755' title='bbox 1744 4986 1771 5032; x_wconf 90' lang='lat' dir='ltr'><strong>et</strong></span> <span class='ocrx_word' id='word_1_756' title='bbox 1783 4977 1860 5032; x_wconf 89' lang='lat' dir='ltr'><strong>insti·</strong></span> 
     </span>
     <span class='ocr_line' id='line_1_53' title="bbox 229 5055 1859 5135; baseline 0.004 -21"><span class='ocrx_word' id='word_1_757' title='bbox 229 5076 311 5132; x_wconf 82' lang='lat' dir='ltr'><strong>quam</strong></span> <span class='ocrx_word' id='word_1_758' title='bbox 326 5059 417 5116; x_wconf 80' lang='lat' dir='ltr'><strong>caruis</strong></span> <span class='ocrx_word' id='word_1_759' title='bbox 429 5056 606 5114; x_wconf 89' lang='lat' dir='ltr'><strong>commercio.</strong></span> <span class='ocrx_word' id='word_1_760' title='bbox 618 5055 696 5126; x_wconf 89' lang='lat' dir='ltr'><strong>item,</strong></span> <span class='ocrx_word' id='word_1_761' title='bbox 711 5059 757 5129; x_wconf 90' lang='lat' dir='ltr'><strong>qui</strong></span> <span class='ocrx_word' id='word_1_762' title='bbox 771 5059 940 5113; x_wconf 86' lang='lat' dir='ltr'><strong>matrimonio</strong></span> <span class='ocrx_word' id='word_1_763' title='bbox 949 5061 1017 5131; x_wconf 81' lang='lat' dir='ltr'><strong>juu-</strong></span> <span class='ocrx_word' id='word_1_764' title='bbox 1071 5073 1152 5120; x_wconf 91' lang='lat' dir='ltr'><strong>tuens</strong></span> <span class='ocrx_word' id='word_1_765' title='bbox 1164 5079 1246 5118; x_wconf 89' lang='lat' dir='ltr'><strong>urtam</strong></span> <span class='ocrx_word' id='word_1_766' title='bbox 1267 5079 1328 5120; x_wconf 86' lang='lat' dir='ltr'><strong>esse</strong></span> <span class='ocrx_word' id='word_1_767' title='bbox 1342 5064 1434 5130; x_wconf 91' lang='lat' dir='ltr'><strong>unius,</strong></span> <span class='ocrx_word' id='word_1_768' title='bbox 1448 5064 1505 5118; x_wconf 84' lang='lat' dir='ltr'><strong>ait:</strong></span> <span class='ocrx_word' id='word_1_769' title='bbox 1529 5063 1645 5120; x_wconf 84' lang='lat' dir='ltr'><strong>Crescite</strong></span> <span class='ocrx_word' id='word_1_770' title='bbox 1656 5076 1680 5120; x_wconf 91' lang='lat' dir='ltr'><strong>et</strong></span> <span class='ocrx_word' id='word_1_771' title='bbox 1697 5067 1859 5135; x_wconf 86' lang='lat' dir='ltr'><strong>multiplica-</strong></span> 
     </span>
     <span class='ocr_line' id='line_1_54' title="bbox 228 5149 1860 5233; baseline 0.003 -26"><span class='ocrx_word' id='word_1_772' title='bbox 228 5153 265 5223; x_wconf 87' lang='lat' dir='ltr'><strong>qil</strong></span> <span class='ocrx_word' id='word_1_773' title='bbox 277 5153 404 5223; x_wconf 83' lang='lat' dir='ltr'><strong>uirqinem</strong></span> <span class='ocrx_word' id='word_1_774' title='bbox 428 5149 591 5212; x_wconf 73' lang='lat' dir='ltr'><strong>canonicae</strong></span> <span class='ocrx_word' id='word_1_775' title='bbox 614 5149 690 5219; x_wconf 72' lang='lat' dir='ltr'><strong>lucit,</strong></span> <span class='ocrx_word' id='word_1_776' title='bbox 702 5160 726 5204; x_wconf 90' lang='lat' dir='ltr'><strong>et</strong></span> <span class='ocrx_word' id='word_1_777' title='bbox 739 5152 784 5221; x_wconf 89' lang='lat' dir='ltr'><strong>qai</strong></span> <span class='ocrx_word' id='word_1_778' title='bbox 800 5167 851 5205; x_wconf 88' lang='lat' dir='ltr'><strong>non</strong></span> <span class='ocrx_word' id='word_1_779' title='bbox 858 5153 949 5223; x_wconf 82' lang='lat' dir='ltr'><strong>junqit</strong></span> <span class='ocrx_word' id='word_1_780' title='bbox 962 5169 1018 5208; x_wconf 86' lang='lat' dir='ltr'><strong>mc·</strong></span> <span class='ocrx_word' id='word_1_781' title='bbox 1071 5157 1148 5225; x_wconf 88' lang='lat' dir='ltr'><strong>mini,</strong></span> <span class='ocrx_word' id='word_1_782' title='bbox 1171 5167 1197 5211; x_wconf 93' lang='lat' dir='ltr'><strong>et</strong></span> <span class='ocrx_word' id='word_1_783' title='bbox 1217 5156 1312 5233; x_wconf 80' lang='lat' dir='ltr'><strong>replete</strong></span> <span class='ocrx_word' id='word_1_784' title='bbox 1333 5167 1431 5211; x_wconf 88' lang='lat' dir='ltr'><strong>terram</strong></span> <span class='ocrx_word' id='word_1_785' title='bbox 1446 5155 1523 5228; x_wconf 85' lang='lat' dir='ltr'><strong>(Gen.</strong></span> <span class='ocrx_word' id='word_1_786' title='bbox 1537 5158 1567 5227; x_wconf 81' lang='lat' dir='ltr'><strong>tl.</strong></span> <span class='ocrx_word' id='word_1_787' title='bbox 1583 5155 1660 5225; x_wconf 86' lang='lat' dir='ltr'><strong>item,</strong></span> <span class='ocrx_word' id='word_1_788' title='bbox 1677 5158 1710 5213; x_wconf 88' lang='lat' dir='ltr'><strong>ad</strong></span> <span class='ocrx_word' id='word_1_789' title='bbox 1723 5174 1860 5213; x_wconf 89' lang='lat' dir='ltr'><strong>commen·</strong></span> 
     </span>
     <span class='ocr_line' id='line_1_55' title="bbox 228 5240 1858 5319; baseline 0.003 -20"><span class='ocrx_word' id='word_1_790' title='bbox 228 5244 280 5299; x_wconf 82' lang='lat' dir='ltr'><strong>lius</strong></span> <span class='ocrx_word' id='word_1_791' title='bbox 307 5242 486 5315; x_wconf 73' lang='lat' dir='ltr'><strong>[acit(ilrid.).</strong></span> <span class='ocrx_word' id='word_1_792' title='bbox 508 5240 590 5309; x_wconf 87' lang='lat' dir='ltr'><strong>Eece,</strong></span> <span class='ocrx_word' id='word_1_793' title='bbox 614 5243 754 5312; x_wconf 90' lang='lat' dir='ltr'><strong>quomodo</strong></span> <span class='ocrx_word' id='word_1_794' title='bbox 769 5242 916 5314; x_wconf 81' lang='lat' dir='ltr'><strong>Apostolus</strong></span> <span class='ocrx_word' id='word_1_795' title='bbox 940 5259 1017 5301; x_wconf 90' lang='lat' dir='ltr'><strong>com·</strong></span> <span class='ocrx_word' id='word_1_796' title='bbox 1071 5251 1193 5307; x_wconf 84' lang='lat' dir='ltr'><strong>dantium</strong></span> <span class='ocrx_word' id='word_1_797' title='bbox 1217 5249 1338 5319; x_wconf 74' lang='lat' dir='ltr'><strong>conjugii</strong></span> <span class='ocrx_word' id='word_1_798' title='bbox 1362 5259 1566 5305; x_wconf 85' lang='lat' dir='ltr'><strong>sacramentum</strong></span> <span class='ocrx_word' id='word_1_799' title='bbox 1592 5249 1858 5304; x_wconf 82' lang='lat' dir='ltr'><strong>uoluitClrristusdc</strong></span> 
     </span>
     <span class='ocr_line' id='line_1_56' title="bbox 229 5335 1858 5414; baseline 0.001 -22"><span class='ocrx_word' id='word_1_800' title='bbox 229 5337 339 5392; x_wconf 86' lang='lat' dir='ltr'><strong>merrdat</strong></span> <span class='ocrx_word' id='word_1_801' title='bbox 362 5346 520 5405; x_wconf 87' lang='lat' dir='ltr'><strong>utrumque,</strong></span> <span class='ocrx_word' id='word_1_802' title='bbox 547 5335 706 5406; x_wconf 81' lang='lat' dir='ltr'><strong>cottjugium</strong></span> <span class='ocrx_word' id='word_1_803' title='bbox 739 5336 841 5391; x_wconf 90' lang='lat' dir='ltr'><strong>scilicet</strong></span> <span class='ocrx_word' id='word_1_804' title='bbox 860 5348 887 5391; x_wconf 87' lang='lat' dir='ltr'><strong>et</strong></span> <span class='ocrx_word' id='word_1_805' title='bbox 902 5337 1016 5407; x_wconf 80' lang='lat' dir='ltr'><strong>uirgini·</strong></span> <span class='ocrx_word' id='word_1_806' title='bbox 1070 5344 1215 5414; x_wconf 79' lang='lat' dir='ltr'><strong>conjugata</strong></span> <span class='ocrx_word' id='word_1_807' title='bbox 1228 5342 1313 5397; x_wconf 86' lang='lat' dir='ltr'><strong>nasci.</strong></span> <span class='ocrx_word' id='word_1_808' title='bbox 1334 5340 1365 5395; x_wconf 81' lang='lat' dir='ltr'><strong>Et</strong></span> <span class='ocrx_word' id='word_1_809' title='bbox 1380 5341 1414 5397; x_wconf 90' lang='lat' dir='ltr'><strong>ad</strong></span> <span class='ocrx_word' id='word_1_810' title='bbox 1428 5342 1499 5398; x_wconf 89' lang='lat' dir='ltr'><strong>idem</strong></span> <span class='ocrx_word' id='word_1_811' title='bbox 1512 5343 1757 5399; x_wconf 89' lang='lat' dir='ltr'><strong>commendandum</strong></span> <span class='ocrx_word' id='word_1_812' title='bbox 1772 5342 1858 5395; x_wconf 82' lang='lat' dir='ltr'><strong>inter·</strong></span> 
     </span>
     <span class='ocr_line' id='line_1_57' title="bbox 228 5426 1859 5506; baseline 0.009 -23"><span class='ocrx_word' id='word_1_813' title='bbox 228 5432 323 5495; x_wconf 66' lang='lat' dir='ltr'><strong>utem,</strong></span> <span class='ocrx_word' id='word_1_814' title='bbox 349 5426 413 5481; x_wconf 89' lang='lat' dir='ltr'><strong>licet</strong></span> <span class='ocrx_word' id='word_1_815' title='bbox 433 5426 620 5496; x_wconf 78' lang='lat' dir='ltr'><strong>virginitatem</strong></span> <span class='ocrx_word' id='word_1_816' title='bbox 645 5426 781 5496; x_wconf 77' lang='lat' dir='ltr'><strong>praeierat.</strong></span> <span class='ocrx_word' id='word_1_817' title='bbox 807 5427 873 5483; x_wconf 91' lang='lat' dir='ltr'><strong>item</strong></span> <span class='ocrx_word' id='word_1_818' title='bbox 889 5429 1015 5487; x_wconf 85' lang='lat' dir='ltr'><strong>Paulus:</strong></span> <span class='ocrx_word' id='word_1_819' title='bbox 1071 5431 1123 5487; x_wconf 87' lang='lat' dir='ltr'><strong>luit</strong></span> <span class='ocrx_word' id='word_1_820' title='bbox 1135 5433 1237 5502; x_wconf 91' lang='lat' dir='ltr'><strong>nuptiis</strong></span> <span class='ocrx_word' id='word_1_821' title='bbox 1254 5438 1281 5487; x_wconf 85' lang='lat' dir='ltr'><strong>et</strong></span> <span class='ocrx_word' id='word_1_822' title='bbox 1293 5431 1458 5488; x_wconf 88' lang='lat' dir='ltr'><strong>miraculum</strong></span> <span class='ocrx_word' id='word_1_823' title='bbox 1482 5434 1520 5490; x_wconf 88' lang='lat' dir='ltr'><strong>ilti</strong></span> <span class='ocrx_word' id='word_1_824' title='bbox 1535 5433 1601 5489; x_wconf 88' lang='lat' dir='ltr'><strong>iecit</strong></span> <span class='ocrx_word' id='word_1_825' title='bbox 1614 5434 1706 5506; x_wconf 74' lang='lat' dir='ltr'><strong>(ioan.</strong></span> <span class='ocrx_word' id='word_1_826' title='bbox 1722 5438 1765 5496; x_wconf 85' lang='lat' dir='ltr'><strong>al·</strong></span> <span class='ocrx_word' id='word_1_827' title='bbox 1779 5432 1859 5503; x_wconf 70' lang='lat' dir='ltr'><strong>Legi·</strong></span> 
     </span>
     <span class='ocr_line' id='line_1_58' title="bbox 863 5520 1208 5578; baseline 0.006 -2"><span class='ocrx_word' id='word_1_828' title='bbox 863 5520 982 5578; x_wconf 79' lang='lat' dir='ltr'><strong>VAiilAE</strong></span> <span class='ocrx_word' id='word_1_829' title='bbox 1001 5522 1208 5578; x_wconf 73' lang='lat' dir='ltr'><strong>anemonas,</strong></span> 
     </span>
    </p>
   </div>
   <div class='ocr_carea' id='block_1_7' title="bbox 230 5605 1856 5749">
    <p class='ocr_par' dir='ltr' id='par_1_8' title="bbox 230 5605 1856 5749">
     <span class='ocr_line' id='line_1_59' title="bbox 263 5605 1856 5691; baseline 0.011 -32"><span class='ocrx_word' id='word_1_830' title='bbox 263 5607 286 5640; x_wconf 83' lang='lat'><strong>⁸¹</strong></span> <span class='ocrx_word' id='word_1_831' title='bbox 302 5605 398 5664; x_wconf 76' lang='lat' dir='ltr'><strong>Tectae</strong></span> <span class='ocrx_word' id='word_1_832' title='bbox 420 5606 566 5680; x_wconf 81' lang='lat' dir='ltr'><strong>Scriptura</strong></span> <span class='ocrx_word' id='word_1_833' title='bbox 577 5616 665 5679; x_wconf 82' lang='lat' dir='ltr'><strong>iuret,</strong></span> <span class='ocrx_word' id='word_1_834' title='bbox 680 5625 743 5667; x_wconf 90' lang='lat' dir='ltr'><strong>cum</strong></span> <span class='ocrx_word' id='word_1_835' title='bbox 759 5611 813 5669; x_wconf 85' lang='lat' dir='ltr'><strong>aliu</strong></span> <span class='ocrx_word' id='word_1_836' title='bbox 823 5612 893 5669; x_wconf 81' lang='lat' dir='ltr'><strong>tiro.</strong></span> <span class='ocrx_word' id='word_1_837' title='bbox 931 5616 953 5649; x_wconf 78' lang='lat'><strong>⁸¹</strong></span> <span class='ocrx_word' id='word_1_838' title='bbox 965 5613 1000 5671; x_wconf 84' lang='lat' dir='ltr'><strong>iu</strong></span> <span class='ocrx_word' id='word_1_839' title='bbox 1017 5615 1241 5686; x_wconf 83' lang='lat' dir='ltr'><strong>impresrouitiose</strong></span> <span class='ocrx_word' id='word_1_840' title='bbox 1254 5630 1303 5687; x_wconf 77' lang='lat' dir='ltr'><strong>pro</strong></span> <span class='ocrx_word' id='word_1_841' title='bbox 1317 5627 1527 5690; x_wconf 82' lang='lat' dir='ltr'><strong>postponamus,</strong></span> <span class='ocrx_word' id='word_1_842' title='bbox 1536 5618 1648 5675; x_wconf 81' lang='lat' dir='ltr'><strong>unietur</strong></span> <span class='ocrx_word' id='word_1_843' title='bbox 1660 5633 1856 5691; x_wconf 79' lang='lat' dir='ltr'><strong>proponamus.</strong></span> 
     </span>
     <span class='ocr_line' id='line_1_60' title="bbox 230 5676 700 5749; baseline 0.002 -15"><span class='ocrx_word' id='word_1_844' title='bbox 230 5679 254 5712; x_wconf 83' lang='lat'><strong>⁸⁸</strong></span> <span class='ocrx_word' id='word_1_845' title='bbox 266 5676 393 5744; x_wconf 73' lang='lat' dir='ltr'><strong>tntum.</strong></span> <span class='ocrx_word' id='word_1_846' title='bbox 408 5690 532 5749; x_wconf 83' lang='lat' dir='ltr'><strong>respectu</strong></span> <span class='ocrx_word' id='word_1_847' title='bbox 551 5682 700 5739; x_wconf 74' lang='lat' dir='ltr'><strong>creatoris.</strong></span> 
     </span>
    </p>
   </div>
   <div class='ocr_carea' id='block_1_8' title="bbox 0 0 2000 6039">
    <p class='ocr_par' dir='ltr' id='par_1_9' title="bbox 0 0 2000 6039">
     <span class='ocr_line' id='line_1_61' title="bbox 0 0 2000 6039; baseline 0 0"><span class='ocrx_word' id='word_1_848' title='bbox 0 0 2000 6039; x_wconf 95' lang='lat' dir='ltr'><strong> </strong></span> 
     </span>
    </p>
   </div>
  </div>
 </body>
</html>
